2842 4884
270 401 317 468 20
715 421 909 465 xnrronnarus
964 439 968 443 -

270 580 587 673 φῶνοςκτῖσιν,
617 571 706 645 item
742 579 788 643 τὸν
818 581 858 652 εἷς
887 567 1036 643 Ἐλέαν
1063 583 1136 662 τῂν
1162 566 1354 654 Ἰταλίας

270 689 512 775 ἀποικισμὸν
528 679 721 756 celebravit
730 678 768 774 ⁴⁰,
782 682 838 764 ἔπη
850 684 998 775 dioptrae,
1015 696 1058 754 ut
1071 694 1171 755 notat
1180 684 1354 782 Diogenes

268 792 307 864 L.
319 793 397 882 IX,
419 816 474 862 ιο.
494 789 630 863 Eodem
656 791 840 887 pertinent
853 791 1035 882 carmina,
1056 790 1190 887 quibus
1214 790 1260 863 de
1283 799 1354 864 Deo

268 910 306 972 et
330 898 376 970 de
400 924 522 969 rerum
546 911 678 969 notura
701 897 789 995 egit,
816 895 957 994 aliaque
981 898 1019 968 in
1042 897 1175 994 quibus
1196 896 1254 972 vel
1274 925 1353 970 suas

270 1005 455 1103 opiniones
492 1003 691 1101 explicaret
719 1002 778 1078 vel
817 1001 970 1075 aliorum
996 1001 1126 1100 placita
1151 1005 1352 1098 refutaret,
1410 1032 1411 1039 ¹

267 1125 313 1185 ut
344 1111 503 1183 indicant
534 1113 767 1211 lragmenta,
800 1136 894 1208 quae
927 1112 1054 1208 passim
1082 1112 1182 1209 apud
1214 1124 1365 1212 veteres

269 1231 527 1292 memorantur.

314 1321 453 1422 'Elsyei'
457 1358 502 1396 αι.
516 1328 592 1398 Hoc
607 1324 773 1398 carminis
782 1350 895 1421 genus
907 1324 1138 1422 Xenophanis
1150 1336 1265 1398 aetate
1278 1353 1352 1399 non

267 1434 377 1532 magis
402 1433 445 1504 ad
472 1433 583 1504 animi
606 1458 731 1505 sensus
754 1431 975 1529 affectusque
999 1431 1213 1524 movendos,
1240 1457 1352 1530 quam

267 1543 311 1615 ad
340 1541 543 1614 docendum
576 1539 873 1637 monendumque
917 1551 993 1611 erat
1023 1539 1247 1632 adhibitum,
1291 1568 1353 1616 ve-

265 1648 337 1722 luti
355 1660 454 1746 patet
472 1675 516 1720 ex
540 1645 851 1746 elegiaco‘Solonis
882 1646 1056 1738 carmine,
1078 1645 1218 1743 quode
1240 1647 1351 1721 Athe·

266 1757 447 1830 niensium
474 1754 659 1853 republica
692 1753 857 1852 exposuit
881 1751 918 1822 ⁴¹.
959 1751 1187 1848 Xenophanis
1217 1751 1351 1853 elegiae

266 1863 356 1939 varii
376 1863 531 1934 fuerunt
550 1862 758 1960 argumenti·
782 1861 975 1957 variaeque
1001 1857 1149 1952 indolis,
1173 1861 1278 1933 modo
1294 1887 1350 1936 se·
1410 1932 1411 1941 ,

265 1974 444 2058 veriores,
462 1969 567 2041 modo
583 1969 792 2060 hilariores,
815 1969 937 2065 prouti
953 1993 1008 2041 res
1023 1967 1221 2065 postularet
1236 1996 1244 2040 τ
1260 1969 1350 2045 aliae

267 2077 313 2149 ad
347 2077 594 2150 conviviorum
636 2075 765 2174 gaudia
808 2074 1114 2168 accommodatae,
1133 2104 1137 2109 ·
1156 2075 1246 2148 aliae
1286 2091 1350 2151 aut

265 2184 311 2256 ad
336 2183 512 2256 docendos
533 2183 696 2256 homines
723 2195 788 2254 aut
817 2182 863 2254 ad
883 2180 1095 2256 refellendos
1115 2195 1152 2256 et
1173 2186 1348 2281 perstrin-

265 2291 397 2392 gendos
413 2292 646 2389 compositae,
666 2291 723 2364 uti
748 2291 961 2390 fragmenta,
986 2316 1080 2388 quac
1101 2317 1146 2364 ex
1167 2292 1347 2366 Athenaeo

265 2398 359 2470 infra
384 2397 601 2491 retulimus,
625 2399 795 2471 indicant.
818 2398 914 2470 Haec
931 2408 1055 2470 autem
1069 2398 1227 2470 carmina
1243 2425 1348 2498 saepe

264 2507 417 2580 fuerunt
437 2505 609 2606 longiora,
625 2503 881 2606 quibus-plura
903 2516 1115 2602 argumenta
1131 2532 1206 2579 uno
1222 2507 1346 2579 ordine

263 2613 541 2710 explicarentur.

309 2717 474 2815 Ἰάμβοι.
506 2721 737 2818 Quamquam
771 2717 941 2792 nonnulli
965 2725 1159 2816 putarunt,
1191 2721 1342 2815 iambos,

262 2854 421 2927 quorum
439 2840 582 2925 praeter
597 2828 794 2926 Diogenem
808 2826 934 2899 nullus
947 2839 1113 2900 veterum
1125 2833 1344 2904 mentionem

262 2936 410 3026 fecerit,
435 2933 520 3007 falso
560 2933 777 3032 Xenophani
805 2932 1024 3030 Colophonio
1054 2936 1205 3008 tributos
1237 2962 1342 3026 esse,
1408 2968 1409 2991 ¹

262 3054 300 3114 et
323 3042 443 3139 potius
469 3041 514 3114 ad
541 3043 702 3112 Lesbium
733 3041 1018 3138 Xenophanem,
1045 3066 1155 3139 quem
1177 3044 1342 3139 ιάμβόγρα-

261 3179 308 3248 po
334 3149 508 3246 Diogenes
534 3147 714 3247 appellat,
740 3174 813 3220 esse
840 3149 1044 3222 referendos
1058 3149 1105 3240 ⁴²,
1127 3148 1271 3223 videtur
1293 3162 1341 3221 ts·

261 3281 347 3328 men
356 3257 424 3329 hoc
436 3261 578 3354 poeseos
590 3281 704 3353 genus
716 3282 736 3325 a
749 3254 961 3352 Colophonii
973 3256 1117 3354 ingenio
1130 3267 1167 3328 et
1183 3258 1342 3331 moribus

260 3387 335 3435 non
361 3362 522 3436 alienum
540 3364 658 3435 fuisse.
683 3361 839 3434 Iambica
855 3363 967 3460 poesis
990 3363 1113 3460 epicae
1128 3365 1340 3465 antiquitate

300 3575 364 3658 (40)
387 3576 542 3636 Civitatum
567 3576 708 3656 origines,
731 3572 837 3637 κτίσεις
848 3620 858 3651 ,
879 3596 896 3633 a
915 3574 1008 3635 multis
1028 3578 1117 3657 potitis
1135 3575 1275 3655 quondam
1298 3599 1342 3638 oe·
1407 3638 1408 3657 ἦ

300 3759 366 3840 (4ι)
387 3760 454 3822 Vid.
476 3758 595 3820 Bachius
616 3757 651 3819 de
670 3758 773 3818 Solone
793 3781 821 3840 p.
844 3759 892 3819 25.

299 3849 361 3928 (42)
387 3851 422 3910 ld
447 3850 579 3931 suspicati
604 3861 669 3909 sunt
693 3849 810 3912 Rossius
835 3850 991 3908 Comment.
1014 3848 1105 3907 Lairt.
1132 3860 1160 3906 et
1180 3848 1340 3909 Fiilleborn.

257 3939 376 3998 Dissert.
399 3938 433 3998 de
453 3938 585 4019 Xenoph.
604 3937 710 3998 laudati
726 3960 742 3998 a
758 3938 869 3999 Fabric.
891 3938 910 3997 l.
927 3937 946 3996 l.
966 3937 1040 3996 Huic
1057 3950 1220 4020 argumento
1236 3939 1340 4021 opponi

257 4037 351 4109 posset
374 4025 449 4104 quod
477 4028 560 4087 etiam
587 4027 717 4090 Lesbium
743 4025 949 4108 Xenophanem
969 4026 1063 4086 nullus
1083 4039 1209 4091 veterum
1230 4040 1339 4109 praeter

148 4175 152 4184 ,
256 4117 410 4195 Diogenem
425 4117 598 4178 memoravit.
626 4116 670 4176 of.
697 4137 768 4201 quae
795 4116 878 4181 docte
900 4128 928 4175 et
952 4115 1093 4197 eleganter
1117 4117 1152 4178 de
1173 4139 1207 4179 eo
1229 4117 1338 4179 disserit

258 4205 577 4290 Ommpffim

136 3695 142 3710 ·
259 3668 385 3730 lebratae
404 3670 530 3729 suerunt.
550 3670 594 3729 Cf.
617 3668 729 3728 Jonsius
748 3667 783 3727 de
793 3668 909 3748 Seriptt.
930 3667 997 3728 hist.
1012 3668 1083 3750 phil.
1107 3669 1138 3744 l,
1160 3688 1212 3744 12,
1227 3682 1296 3732 sect.
1313 3670 1340 3732 5·
1407 3664 1408 3691 ¹
