2842 4884
519 426 735 472 retrusorum.
1095 406 1160 473 itt

77 588 143 651 aut
167 578 300 654 leviter
320 591 463 652 tantum
484 590 629 652 tractata
649 588 738 651 sunt
756 604 764 647 :
784 577 908 675 itaque
928 577 1162 676 Xenophanes

49 770 52 777 ¹
77 698 121 758 ut
151 686 202 758 de
229 686 304 759 Deo
328 688 481 759 studiose
511 685 777 784 philosophatus
802 698 877 776 est,
902 686 950 756 ita
978 686 1017 756 in
1038 710 1162 759 rerum

76 805 215 865 natura
241 794 474 891 praedicanda
497 793 682 892 vulgarem
707 792 781 863 lere
803 803 957 865 secutus·
970 805 1023 865 est
1047 799 1164 891 poitu-

76 926 160 973 rum
180 903 416 1000 opinionem,
437 916 480 977 ut
503 903 594 975 intra
612 899 821 977 videbimus.
840 902 943 973 Nunc
959 900 1026 973 alia
1042 902 1159 977 adhue

76 1010 295 1105 exponenda
320 1023 373 1081 est
394 1011 437 1081 de
466 1010 694 1107 Xenopha'nis
724 1008 799 1079 Deo
827 1010 1013 1080 sententia.

123 1117 328 1217 Diogenes,
349 1119 414 1215 qui
438 1118 535 1191 illius
570 1117 700 1215 placita
732 1113 836 1185 nullo
858 1115 983 1188 ordine
1005 1129 1044 1189 et
1076 1144 1160 1191 oon·

74 1224 157 1296 fuse
191 1226 328 1316 refert,
357 1226 405 1296 ita
432 1250 518 1298 eum
543 1225 688 1296 sensisse
719 1223 777 1293 ait.
795 1232 818 1272 ⁷⁷
843 1247 851 1291 ε
875 1224 970 1290 ω’σίαν
999 1225 1057 1291 Sci
1077 1254 1164 1323 apet-

73 1333 197 1427 ροειδῆ,
224 1334 312 1424 μηδὲν
336 1332 424 1424 ὅμοιον
456 1332 580 1425 ἔχωσαν
606 1338 767 1426 ν’ννθρώπῳ·
802 1328 867 1400 ὅλον
897 1330 929 1397 δὲ
961 1326 1040 1421 (τὸν
1067 1332 1165 1429 θεὸν)

74 1446 147 1531 ὁρᾶν
176 1443 230 1506 καὶ
251 1437 315 1507 ἕλον
340 1446 466 1527 ἀκούειν,
494 1448 533 1529 μὴ
557 1447 648 1528 μέντοι
674 1446 827 1506 ἀναπνεῖν·
854 1442 1009 1525 σύμπαντά
1031 1462 1064 1504 τε
1091 1433 1164 1505 εἶναι

75 1543 123 1611 νεῖν
151 1551 210 1612 καὶ
231 1554 387 1641 φρόνησιν,
411 1550 461 1611 καὶ
484 1545 581 1613 ἀΐδιον.
600 1544 695 1613 Haec
716 1541 846 1638 partim
864 1541 1061 1612 concinunt
1079 1565 1164 1613 cum

74 1648 117 1718 iis
131 1672 234 1745 quae
257 1648 303 1717 ab
315 1648 394 1718 aliis
406 1646 516 1719 relata
529 1647 684 1722 vidimus
697 1675 707 1739 3
720 1648 828 1719 etiarn
840 1647 923 1737 hoc,
939 1646 1037 1745 quod
1052 1655 1163 1721 Deum

74 1762 224 1847 spirare
246 1766 373 1848 negat,
395 1766 543 1849 potesta
563 1754 790 1851 Xenophane
806 1754 1005 1850 profectum
1030 1754 1163 1849 videri,

74 1883 153 1957 quo
195 1858 424 1954 significaret,
450 1859 524 1929 Deo
550 1858 640 1929 nihil
667 1885 740 1931 esse
766 1884 961 1931 commune
983 1884 1069 1930 cum
1089 1860 1160 1931 ani·

75 1956 265 2037 mentium
284 1975 436 2050 natura,
464 1989 557 2061 quae
580 1966 711 2062 spiritu
728 1966 951 2062 potissimum
978 1967 1163 2039 coutinen-

75 2082 150 2142 tur.
182 2068 280 2140 Haec
303 2072 399 2140 enim
421 2071 540 2169 opinio
562 2096 635 2141 non
657 2082 800 2145 tantum
823 2071 932 2170 vulgo
953 2072 1015 2145 sed
1037 2099 1057 2144 a
1076 2096 1164 2145 non·

79 2177 198 2249 nullis
212 2178 320 2248 etiam
344 2175 559 2274 philosophis
577 2190 654 2250 erat
673 2178 874 2268 celebrata,
890 2181 1100 2277 praesertim
1116 2180 1162 2253 ab

81 2282 310 2355 Anaximene
335 2285 399 2381 qni
419 2309 541 2355 rerum
561 2286 725 2357 omnium
741 2286 960 2383 principium
975 2286 1087 2384 idque
1102 2286 1163 2359 di·

81 2389 216 2461 vinum
239 2394 357 2462 aerem
381 2414 454 2461 esse
477 2392 637 2481 censuit,
655 2392 910 2488 mundumque
924 2418 1070 2465 omnem
1088 2391 1163 2489 spi-

81 2495 156 2567 ritu
191 2496 373 2567 contineri.
402 2495 519 2588 Quam
550 2498 803 2591 opinionema
837 2499 1057 2593 Xenophane
1091 2500 1163 2567 im-

81 2602 271 2697 probatam
299 2628 397 2692 esse,
429 2615 711 2675 consentaneum
747 2617 800 2675 est
829 2604 865 2673 ⁷⁰.
904 2603 1010 2695 Quod
1041 2614 1165 2673 autem

82 2707 247 2807 adjungit
266 2709 383 2780 Deum
407 2720 524 2779 totum
537 2732 611 2780 esse
626 2710 675 2778 νῦν
701 2714 752 2777 καῖ
776 2718 926 2805 φρόνησιν,
952 2708 1019 2777 hoc
1033 2730 1164 2802 quam-

82 2812 132 2913 vis
155 2814 405 2911 antiquiorum
427 2814 636 2890 auctoritate
653 2812 820 2885 retulerit
839 2823 882 2901 ⁷⁹,
897 2824 1015 2883 tamen
1033 2835 1162 2907 parum
1227 2905 1231 2911 Ι

125 3074 191 3157 (77)
212 3072 284 3133 Ibid.
305 3074 439 3153 Diogenis
461 3072 678 3147 testimonium,
696 3082 728 3128 ut
746 3069 925 3150 plerumque,
945 3070 1092 3152 exscripsit
1106 3070 1164 3130 He·

86 3162 163 3241 sych.
190 3164 282 3222 Miles.
301 3184 329 3244 p.
348 3164 409 3233 31,
433 3163 477 3221 ed.
499 3162 603 3221 Meurs.

127 3292 193 3375 (78)
215 3292 353 3353 Plutarch.
371 3292 445 3353 Plau.
463 3292 532 3374 phil.
556 3293 589 3367 Ι,
607 3295 635 3353 3.
654 3304 722 3351 sect.
744 3314 782 3373 7,
801 3292 839 3351 of.
857 3293 949 3351 Ritter
969 3292 990 3351 l.
1014 3293 1035 3354 l.
1048 3316 1078 3377 p.
1091 3292 1162 3372 453.

128 3430 192 3511 (79)
215 3430 333 3498 Cicero,
352 3448 434 3506 quem
453 3426 535 3487 modo
554 3424 745 3501 laudavimus,
765 3440 890 3486 mentem
910 3426 1067 3507 adjunctam
1087 3428 1164 3485 facit.

89 3515 234 3578 Bessariori
255 3520 322 3597 (qui
351 3530 444 3577 utrum
479 3519 520 3575 ex*
553 3514 746 3594 Theophrasto
772 3528 881 3574 tantum
909 3516 1032 3574 hauserit
1056 3512 1164 3572 unalia

91 3605 268 3668 admiscuerit
289 3628 346 3666 non
374 3614 504 3681 constat)
524 3604 619 3665 dicit:
644 3628 659 3661 u
685 3618 806 3665 merrtem
830 3608 914 3665 etiam
931 3607 1091 3665 universum
1112 3603 1166 3663 hoo

92 3694 165 3757 idern
181 3720 240 3757 esse
269 3696 438 3757 adfirmavit.
461 3718 476 3753 ν
491 3694 551 3755 vid
570 3716 652 3776 supra
674 3716 704 3775 p.
729 3716 796 3777 ¹⁰7·
817 3696 933 3754 Tretzes
948 3692 1069 3754 Chiliad.
1086 3692 1164 3764 Vll,

94 3783 152 3868 519
176 3808 235 3865 sqq.
260 3785 305 3845 ed.
323 3786 464 3864 Kiesling.
490 3784 635 3845 obscurius
658 3808 666 3842 ε

213 3928 269 3979 Νῦν
293 3915 338 3978 s'ael
364 3915 446 3977 Solet
467 3918 572 3996 φόνων
594 3914 685 3999 euplus
704 3912 799 3994 φαμὲν
817 3913 910 3990 μένον,

215 4008 259 4069 s'srl
281 4014 348 4069 sut
372 4008 499 4082 α’·γγέλινν
515 4034 545 4069 rt
564 4010 610 4070 sel
632 4018 683 4067 τοῖν
701 4004 897 4084 iporeapa'aaa,

214 4101 248 4159 οἷς
271 4099 415 4176 irrepsisse
437 4098 545 4182 iypalu
568 4108 645 4159 roilas
664 4095 711 4157 ael
731 4090 914 4176 Παρμενίδην,
