2842 4884
531 453 709 508 nationes.

543 777 678 842 XXXIV
683 826 689 838 .

125 977 337 1052 Aristoteles
373 977 518 1050 Rhetor.
548 975 718 1069 11‚23‚
749 1006 785 1077 p.
821 979 897 1074 446
919 981 974 1053 C:
1000 983 1156 1079 Ξενοφάνης
1244 1052 1248 1061 ,

77 1091 203 1185 ἔλεγεν,
237 1115 280 1158 οτι
308 1097 404 1178 ὁμοίως
427 1088 620 1174 ἀσεβοΰσιν
598 1116 620 1156 α
648 1093 790 1180 γενέσθαι
813 1101 967 1186 φάσκοντες
988 1095 1049 1168 ταλς
1073 1092 1156 1222 θφαλς
1238 1086 1242 1092 ’

78 1213 129 1272 ταῖς
164 1198 327 1264 ἀποθανεῖν
359 1195 497 1287 λέγουσιν·
532 1201 691 1289 ἀμφοτέρως
721 1201 780 1289 γὰρ
808 1195 987 1286 συμβαίνει,
1015 1203 1056 1285 μὴ
1084 1189 1161 1262 εἶναί

77 1328 141 1370 ποτε
166 1304 231 1377 τοὶς
255 1301 349 1376 θεους.

124 1444 309 1516 Dictum
300 1469 337 1514 ιιι
363 1453 500 1516 veteres
524 1447 668 1538 positas,
693 1444 891 1540 quiquam
915 1443 1006 1515 Deos
1028 1441 1157 1539 sempi-

78 1563 198 1623 ternos
227 1551 410 1639 facerent,
443 1548 584 1622 eosdem
613 1561 735 1621 tamen
759 1563 859 1621 natos
888 1574 961 1624 esse
985 1548 1155 1646 perhibe-

78 1656 184 1750 bant,
221 1681 418 1754 eorumque
445 1666 609 1752 parentes
634 1667 671 1728 et
694 1654 867 1754 originem
892 1655 1153 1753 praedicabant.

79 1764 334 1862 Xenophanem
347 1763 438 1834 hanc
450 1762 738 1858 superstitionem
750 1787 823 1834 non
842 1762 946 1836 modo
960 1763 1156 1858 increpasse

80 1871 137 1942 sed
163 1871 274 1944 etiam
295 1869 429 1940 ratione
455 1867 639 1956 refutasse,
659 1894 703 1941 ex
730 1866 773 1940 iis
798 1893 891 1964 quae
915 1868 961 1941 de
984 1867 1060 1940 Deo
1083 1866 1155 1941 dis

76 1977 188 2048 'seruit
211 1975 305 2048 infra
330 1971 474 2072 patebit.

549 2263 682 2329 XXXV.

127 2518 278 2595 Eodem,
294 2514 391 2591 valet
421 2511 520 2586 aliud
546 2516 629 2608 ejus
655 2511 792 2584 dictum
826 2511 924 2609 quod
951 2510 1157 2584 Aristoteles

80 2621 207 2696 ibidem
232 2623 341 2695 refert
365 2646 401 2717 p
427 2619 496 2719 447
523 2619 577 2691 C:
605 2621 766 2716 Ξενοφάνης
786 2614 971 2694 Έλεάταις’
954 2616 1111 2712 ερωτῶσιν,
1131 2628 1157 2688 εἰ

80 2731 249 2802 θὺεωσι
211 2758 248 2806 τη
274 2730 430 2814 Λευκοθέᾳ
464 2732 513 2795 καὶ
544 2724 774 2860 θρηνήσουσιν”
757 2757 775 2805 η
799 2735 864 2842 μή,
887 2723 1108 2807 martiatica,
1133 2726 1159 2790 si

80 2837 127 2921 μὲν
154 2842 224 2907 θεὸν
254 2835 504 2926 ἀπολαμβάνουσι,
537 2840 577 2923 μὴ
608 2836 755 2926 θρηνεῖ-,ν
785 2837 809 2897 εἰ
836 2822 864 2898 δ
895 2827 1084 2922 ἀνθρωπον,
1116 2836 1157 2918 μὴ

81 2943 170 3012 θύειν.

125 3049 242 3132 Lubet
270 3047 329 3120 hic
351 3043 573 3142 antiquitatis
605 3065 727 3114 caussa
754 3039 924 3113 adnotare
954 3063 1049 3136 quae
1073 3039 1157 3110 Υπο-

79 3173 172 3247 μνῆμα
195 3167 336 3249 ἀνώνυμον
356 3164 399 3232 εἰς
412 3164 462 3237 τὴν
489 3147 715 3249 Αριςοτέλαις
696 3138 869 3246 ρητορικὴν,
894 3145 1034 3219 editum
1049 3147 1156 3220 Paris,

85 3259 181 3361 1539.
212 3262 313 3335 offert
328 3260 388 3332 foi.
414 3257 472 3350 46.
500 3261 561 3330 B:
590 3287 618 3326 εν
643 3259 680 3334 οἷς
700 3255 786 3325 ἔθυον
809 3283 844 3349 τῃ
831 3253 1064 3341 Λυικαθέᾳ”
1049 3281 1159 3349 επρατ·

80 3391 120 3434 τον
143 3375 173 3438 τὸ
198 3377 320 3440 ἐναντιον
345 3369 431 3447 αυτῆς
456 3365 574 3462 (corr.
601 3361 801 3458 αυτοῖς),”
781 3389 841 3443 ητα
870 3359 1002 3430 ἔκλαιον
1027 3366 1154 3429 ἐναντίαι

81 3481 133 3569 γάρ
158 3487 189 3545 αἱ
222 3483 341 3574 πράξεις
367 3471 484 3563 αυται,
515 3472 577 3552 ἤτοι
602 3475 633 3540 τὸ
662 3475 748 3539 θὺειν
777 3475 828 3537 κατ’
852 3473 884 3536 τὸ
906 3463 1076 3535 κλαίειν
1056 3495 1074 3556 η
1102 3467 1156 3553 μὲν

81 3585 133 3674 γὰρ
151 3582 237 3654 ἔθυον
250 3594 315 3674 ,ὡς
338 3587 414 3649 θεάν
438 3581 528 3661 αυτὴν
548 3585 708 3670 ἐτίμων,
699 3608 718 3651 η
705 3575 775 3645 δὲ
801 3580 964 3669 ἐθρήνουν,
984 3581 1021 3646 ὠς
1044 3539 1156 3650 θνητὴν

82 3694 198 3776 ἀροῦντα.
230 3722 248 3784 η
235 3688 392 3784 (corr.
422 3685 472 3780 εἰ)
499 3697 561 3778 νων
592 3683 702 3769 ἔθυον,
733 3685 782 3751 οὐκ
813 3680 871 3750 ἔδει
900 3684 1049 3771 θρηνεῖν,
1078 3671 1097 3752 ἢ
1132 3675 1159 3740 εἰ

81 3795 233 3886 ἐθρήνουν,
264 3796 313 3866 οὖν
337 3793 399 3863 εδει
427 3798 526 3862 θὺειν·
555 3791 628 3859 aian
653 3795 710 3883 γάρ
733 3817 780 3856 ουκ
804 3785 842 3853 ἀν
870 3783 1010 3876 ἔπραττον
1037 3778 1101 3869 ἀμα
1121 3783 1159 3847 τά

82 3895 200 3971 ἐναντία.
225 3901 401 3995 Deinceps
425 3898 512 3969 haec
537 3894 582 3966 de
614 3895 729 3964 Inone
748 3891 1023 3984 adjunguntur:
1041 3886 1158 3965 είςηλθε

84 4012 152 4089 μετά
174 4021 219 4078 τοῦ
242 4017 297 4077 υἱοῦ
321 4007 405 4087 αὐτῆς
432 4017 477 4074 τοῦ
504 4005 682 4097 Μελικέρτου
704 4006 755 4067 καὶ
779 3999 934 4088 Κλεάρχου
959 3998 999 4067 εἷς
1021 3999 1072 4073 τὴν.
1096 3995 1157 4059 θά-

83 4103 213 4207 λασσαν,
239 4116 393 4206 διωκομένη
417 4115 468 4182 ὑπὸ
493 4123 538 4180 τοῦ
559 4103 745 4198 Ἀθάμαντος
769 4113 815 4172 τοῦ
842 4098 942 4194 ἀνδρὸς
970 4098 1082 4182 αὐτῆς,
1100 4124 1168 4186 ματ
