2842 4884
505 376 581 419 rrra
604 375 645 417 er
668 375 820 419 sanum·
900 393 912 429 ,
1143 357 1190 424 27

107 523 256 598 edidisse
280 523 438 600 videtur.
455 521 560 598 'Hinc
582 551 730 626 quoque
754 527 890 599 sactum
912 539 986 619 est,
1012 539 1058 601 ut
1083 529 1192 602 series

105 639 186 732 ejus
209 657 383 710 rensuum
398 646 509 734 atque
529 636 616 709 ordo
636 638 817 709 maturius
840 637 1042 731 interimit,
1058 640 1190 712 servati

104 743 210 814 modo
234 743 306 814 sint
330 741 464 842 singuli
493 767 619 816 versus
643 756 681 817 et
703 744 927 832 sententiae,
950 769 1045 843 quae
1071 745 1191 823 docto·

105 879 189 924 rum
210 852 400 924 hominum
425 853 596 924 memoria
618 855 721 951 quasi
748 853 972 952 antiquitatis
986 854 1079 925 fama
1108 879 1190 951 pro·

103 958 200 1032 ditae
222 960 267 1031 ad
290 961 504 1059 posteritatis
527 961 692 1032 notitiam
716 973 976 1060 pervenerunt.
999 960 1191 1055 Quantum

104 1091 193 1140 vero
219 1091 308 1139 cum
336 1093 382 1140 ex
402 1066 458 1138 bis
483 1066 715 1166 fragmentis,
739 1093 834 1166 quae
856 1067 1052 1140 admodum
1075 1093 1192 1166 pauca

101 1184 216 1264 sunt,
243 1186 324 1246 tum
349 1200 393 1246 ex
420 1185 588 1247 veterum
612 1176 823 1248 tffitimoniis
841 1174 973 1273 placita
992 1179 1073 1271 eJus
1097 1176 1192 1248 refe·

102 1281 267 1354 rentium
286 1280 442 1376 judicari
456 1279 562 1373 licet,
584 1307 660 1354 non
684 1282 841 1356 dubium
863 1281 1026 1374 videtur,
1047 1294 1192 1372 certum

102 1389 285 1486 quoddam
315 1416 460 1464 carmen
481 1390 712 1489 Xenophanis
738 1392 848 1464 luisse
873 1391 1090 1464 hexametris
1105 1416 1192 1464 verb

100 1493 200 1569 sibus
222 1496 436 1588 conditum,
462 1497 501 1568 in
529 1523 604 1596 quo
625 1499 855 1596 superiorum
877 1508 1004 1571 vatum
1023 1495 1191 1594 exemplo

101 1627 189 1674 cum
211 1601 257 1675 de
284 1603 415 1676 muudi
440 1604 599 1702 origine,
624 1603 672 1677 de
692 1603 807 1696 coeli,
830 1605 957 1696 maris,
976 1616 1094 1676 terrae
1120 1628 1191 1674 na-

101 1720 210 1800 tura,
230 1735 326 1808 quae
346 1708 407 1784 vel
429 1709 506 1808 ipae
530 1710 781 1808 arrquisivisset
804 1707 864 1782 vel
888 1708 935 1781 ab
957 1708 1036 1780 aliis
1056 1733 1191 1806 cogno·

100 1819 208 1891 visset
220 1821 473 1918 ,exposuerit,
492 1831 574 1892 tum
593 1821 803 1918 praesertim
818 1819 865 1892 de
882 1818 992 1891 rebus
1006 1818 1136 1896 divinis
1153 1830 1192 1894 et

100 1922 147 1996 de
175 1924 243 1998 Dei
266 1938 415 2016 natura,
437 1925 586 2024 qualem
611 1938 739 2000 mente
764 1938 802 2000 et
823 1926 1036 2025 cogitatione
1058 1949 1191 2000 conce-

100 2031 235 2126 pisset,
259 2033 474 2105 sententiam
494 2057 596 2104 suam
615 2031 842 2155 explicuerit.
857 2035 982 2132 Atque
994 2031 1191 2129 Xenopha-

103 2137 158 2208 nis
187 2137 397 2235 exemplum
425 2137 598 2211 aemulati
625 2151 663 2212 et
689 2140 822 2210 imitati
844 2152 934 2212 sunt
960 2136 1191 2212 Parmenides

101 2255 139 2315 et
168 2245 423 2344 Empedocles,
450 2247 517 2345 qui
539 2244 669 2320 similia
693 2258 977 2369 composuerunt-
1002 2247 1189 2338 carmina,

100 2373 260 2446 quorum
292 2352 411 2425 adhuc
441 2352 616 2452 reliquiae
649 2356 733 2427 satis
763 2353 906 2453 amplae
933 2349 1178 2428 servantur⁵⁹
1178 2405 1188 2423 .

99 2458 268 2556 Uterque
294 2469 381 2535 re'ro
418 2483 561 2558 quum,
596 2463 711 2533 auctis
737 2461 777 2532 in
801 2461 879 2533 dies
911 2459 1024 2557 magis
1063 2458 1190 2556 magis·
1262 2459 1266 2466 '

98 2590 175 2663 que
210 2564 370 2638 discendi
402 2566 530 2639 studiis
553 2578 590 2638 et
611 2565 962 2666 opportunitatibus,
990 2562 1098 2636 illum
1132 2563 1191 2635 fa-

98 2671 171 2745 cile
206 2672 266 2746 vel
300 2674 494 2747 disserendi
528 2673 729 2748 subtilitate
771 2672 830 2747 vel
862 2697 987 2744 rerum
1020 2670 1190 2745 ubertate

98 2792 337 2876 superarent,
357 2780 491 2853 borum
510 2779 738 2879 aliorumque
755 2777 964 2852 celebritate
982 2776 1120 2850 factum
1136 2776 1189 2852 vi·

97 2886 232 2979 detur,
248 2900 292 2960 ut
308 2890 512 2962 carminum
529 2891 610 2983 ejus
628 2888 800 2960 memoria
816 2887 924 2960 citius
939 2895 1187 2977 evanesceret,

99 3019 170 3066 nec
194 2995 264 3066 nisi
287 3021 402 3092 panca
422 3008 674 3088 servarentur,
702 3020 799 3093 quae
819 3022 839 3067 a
859 2992 1042 3068 veteribus
1066 3003 1189 3068 notata

99 3113 138 3172 et
153 3099 322 3200 deinceps
340 3102 385 3175 ad
398 3114 554 3200 posteros
568 3101 697 3174 tradita
710 3101 940 3199 sunt.ltaque
954 3100 985 3172 si
996 3101 1188 3173 auctorita-

99 3221 182 3280 tum
194 3210 309 3283 fontes
324 3209 534 3310 indagemus
545 3267 556 3306 ,
568 3221 718 3310 apparet
728 3208 935 3308 plerosque,
949 3233 1044 3307 quoe
1057 3207 1105 3281 de
1117 3207 1188 3282 Xe-

99 3317 269 3416 nophane
293 3334 517 3413 memorant,
540 3345 581 3394 ea
607 3343 681 3390 non
706 3339 752 3390 ex
776 3317 889 3416 ipsius
911 3315 1030 3393 verbis
1054 3315 1187 3389 sodex

140 3537 206 3621 (59)
224 3540 333 3606 Horum
347 3544 471 3604 omnium
488 3541 616 3602 meminit
631 3537 773 3602 Plutarch.
785 3538 821 3599 de
835 3537 919 3622 Pytb.
936 3557 1011 3598 orac.
1002 3557 1055 3616 .p
1067 3534 1138 3614 402.
1148 3534 1186 3685 E}

100 3626 151 3710 ψ’
151 3655 223 3710 τερον
248 3628 299 3708 pair
322 3633 522 3712 interipsum
544 3629 662 3714 ἰξέφιμι
686 3632 820 3709 οἷφιλοσ
822 3625 1011 3745 ὄφοιπὶο
973 3625 1115 3702 do'wm

100 3720 311 3800 mayor,
334 3720 423 3808 inq
445 3723 592 3807 ’ὖςορφιι
575 3723 622 3786 zai
643 3721 836 3787 ‘artiones
798 3722 986 3804 uillaeppcm
965 3720 1045 3786 »llos
1065 3716 1188 3779 nalas-

101 3813 190 3889 ’0Φᾶ
197 3839 254 3882 us
282 3814 329 3878 zai
356 3815 501 3896 'nazaruda
503 3827 600 3884 λῆεκ
602 3815 762 3883 aientis.
787 3816 832 3877 cf.
853 3815 973 3892 Diogen.
994 3812 1026 3870 L.
1049 3807 1115 3879 IX,
1137 3830 1186 3871 υ.

100 3904 146 3964 De
165 3909 332 3987 Empedocl
331 3912 526 3994 eHermippus
537 3909 622 4030 apud
640 3907 760 3968 eundem
777 3907 862 3982 VllI,
881 3904 923 3966 56
939 3903 1019 3978 dicit,
1037 3915 1114 3962 zm
1102 3899 1188 3982 οἰφ-

35 4079 38 4085 .
102 4022 134 4055 ιο
121 4019 176 4056 ους
197 4025 267 4072 γιγο
270 3996 338 4064 siras
368 3998 551 4082 ζηλυτηνῶ
531 4015 655 4064 aeota
637 3997 755 4064 carrlia
756 3996 839 4081 pilu
859 3994 906 4058 ui
929 4021 1025 4073 popae
998 3991 1116 4058 'cardea
1137 4022 1187 4064 την

103 4113 152 4149 m
141 4089 242 4151 mmo
