2842 4884
490 420 704 465 annosorum.
1067 403 1130 473 175

108 569 238 662 Quum
257 583 378 644 autem
401 593 498 642 mare
519 570 632 642 omnis
654 570 790 641 fontem
806 570 964 643 humoris
980 569 1127 663 dixerit,

63 677 247 773 probabile
265 680 451 768 videatur,
478 677 522 750 ad
546 678 703 751 eundem
728 679 908 774 pertinere
927 681 1130 777 opinionem

61 783 181 873 illam,
204 784 357 857 flumina
381 808 525 881 quoque
544 810 565 857 e
582 784 672 855 mari
690 784 830 857 duxisse
853 788 1035 884 originem.
1055 789 1129 860 Etsi

13 936 14 941 κ
61 891 155 961 enim
187 916 263 962 non
297 891 506 963 nominatim
534 888 587 961 illi
614 890 680 962 hoc
704 916 724 961 a
751 891 929 964 veteribus
951 894 1131 966 tributum

61 989 124 1079 sit,
149 1001 276 1061 tamen
288 990 337 1061 ita
361 987 556 1060 nonnullos
579 988 760 1086 quondam
780 1000 920 1084 putasse
942 993 1007 1088 qui
1033 1017 1130 1065 mare

61 1095 222 1167 omnium
256 1119 433 1192 aquarum
465 1094 602 1167 lontem
631 1094 816 1184 dicerent,
847 1094 1010 1189 perhibet
1034 1098 1130 1170 Aris-

61 1198 184 1273 toteles
208 1198 234 1237 ⁸³
259 1204 431 1299 :rPropter
452 1201 580 1291 maris,
606 1201 750 1297 inquit,
777 1199 974 1274 vastitatem
1001 1206 1129 1277 veteri-

59 1301 124 1375 bus
154 1316 240 1404 ἀρχὴ
269 1324 324 1377 τῶν
352 1316 443 1404 ὑγρῶν
472 1307 569 1389 ἔδοξεν
599 1302 672 1375 εἶναι
706 1311 757 1375 καὶ
779 1319 824 1374 τὸῦ
853 1311 956 1383 παντὸς
984 1303 1083 1385 ὕδατος
1112 1323 1130 1391 ἡ

60 1416 222 1485 θάλαττα·
248 1418 360 1485 διὸκαὶ
386 1421 445 1493 τοὺς
465 1413 588 1504 coaptis
609 1414 638 1481 οὐ
660 1422 742 1505 μόνον
764 1421 803 1491 εἰς
828 1420 956 1500 ταύτην,
983 1416 1061 1483 ἀλλὰ
1084 1422 1133 1485 καὶ

59 1521 89 1584 ἐκ
114 1526 226 1601 ταύτης
249 1531 321 1619 φασί
338 1548 416 1606 Ιτινες
441 1519 513 1616 ῥεῖν.
538 1518 639 1589 Idem
662 1516 706 1589 ab
729 1516 806 1589 aliia
827 1516 897 1589 alio
918 1518 1023 1590 modo
1046 1544 1132 1617 pro·

59 1619 184 1696 batum
213 1639 287 1716 est,
315 1626 379 1722 qui
407 1625 452 1697 de
478 1622 673 1695 fluminum
703 1623 839 1721 origine
868 1624 918 1695 sic
950 1625 1131 1699 existima-

58 1726 144 1801 bant
157 1730 208 1802 84:
233 1738 265 1799 τὸ
286 1734 421 1822 ἀνοιχθὲν
444 1736 495 1801 tat
508 1744 553 1801 τοῦ
565 1735 639 1811 ἠλίνν
660 1729 738 1825 ὕδωρ
762 1735 850 1802 πάλιν
871 1739 1002 1824 νόμενον,
1025 1739 1131 1827 &Spor-

60 1840 132 1927 σβὲν
151 1840 209 1906 ὑπὸ
234 1854 312 1929 γῆν,
338 1835 400 1932 ῥεῖν
433 1840 464 1903 ἐκ
487 1839 591 1913 κοιλίας
621 1840 772 1929 μεγάλης,
797 1834 818 1911 r’i
846 1847 956 1914 πάντας
987 1842 1020 1905 ἐκ
1037 1854 1129 1929 μιᾶς,

59 1939 74 2021 ἢ
114 1939 212 2011 ἄλλον
242 1942 346 2022 ἄλλης.
375 1940 520 2037 Duplex
545 1966 627 2040 ergo
656 1943 728 2013 suit
751 1941 871 2037 opinio
902 1968 910 2012 :
937 1940 999 2013 alii
1023 1944 1131 2017 maris

61 2072 193 2145 aquam
224 2047 454 2119 foraminibus
477 2047 730 2137 ,subterraneis
761 2048 918 2138 intrare,
945 2060 1054 2145 atque
1081 2050 1131 2121 ita

62 2154 304 2249 percolatam,
331 2156 453 2228 amissa
495 2156 756 2246 amaritudine,
788 2153 981 2231 fluviorum
1018 2158 1131 2230 fontes
1165 2175 1173 2184 ·

66 2261 208 2337 efficere
242 2262 446 2361 putabant,
475 2262 562 2354 alii,
594 2262 800 2336 cadentibus
832 2261 995 2359 pluviis,
1023 2290 1131 2363 aquae

64 2369 99 2439 in
140 2383 259 2443 terrae
287 2372 443 2467 cavernis
481 2369 619 2469 colligi,
647 2370 745 2444 unde
772 2370 889 2442 fontes
923 2384 960 2444 et
980 2371 1130 2445 flumina

65 2487 249 2549 scaterent.
273 2477 347 2548 Hae
372 2477 554 2572 opiniones
580 2502 662 2547 cum
693 2474 769 2545 aliis
794 2488 958 2549 veterum
987 2476 1131 2571 placue-

64 2595 168 2673 runt,
189 2596 271 2654 tum
293 2584 399 2654 etiam
418 2581 675 2653 Anaximandri
693 2592 731 2650 et
746 2580 972 2674 Xenophanis
989 2594 1130 2652 senten·

13 2748 15 2757 .
65 2686 131 2759 tiae
144 2688 191 2761 de
208 2689 314 2761 rebus
329 2685 552 2759 naturalibus
576 2686 709 2782 optime
731 2684 900 2759 videntur
921 2708 1127 2781 congruere.
1168 2736 1173 2739 -

65 2790 103 2864 Id
126 2806 263 2887 tamen,
290 2796 319 2865 si
344 2792 547 2891 conjectura
573 2792 716 2863 sortasse
742 2789 786 2861 sit
807 2788 1008 2887 probabile,
1035 2790 1131 2862 anti·

66 2921 220 2993 quorum
233 2900 440 2973 auctoritate
454 2898 618 2972 affirmari
630 2922 702 2969 non
716 2904 839 2995 potest.
1234 2895 1239 2903 '

559 3193 631 3339 ssss.

114 3538 214 3612 Inter
237 3537 461 3634 Xenophanis
487 3537 615 3637 placita
638 3536 745 3609 etiam
765 3536 832 3608 hoc
855 3535 993 3627 fertur,
1014 3535 1131 3605 infini-

70 3649 119 3713 tos
147 3644 300 3717 mundos
329 3668 424 3743 esee,
450 3644 548 3742 quod
576 3670 620 3716 ex
649 3645 728 3738 ejus
753 3643 927 3727 sententia
957 3639 1131 3724 difficilius

72 3760 121 3817 est
146 3751 336 3850 explicatu.
359 3750 432 3843 Qui
457 3752 554 3823 enim
577 3750 747 3826 tellurem
772 3749 989 3847 principium
1018 3746 1131 3820 omnis

110 3989 173 4073 (83)
191 3993 308 4055 Meteon
327 3994 376 4069 11,
398 4014 425 4053 2.
446 4015 475 4075 p.
495 3992 554 4076 427
574 3994 607 4057 Ε.

110 4108 173 4194 (84)
194 4113 267 4174 lbid.
285 4116 316 4191 1,
343 4116 387 4175 13.
408 4137 437 4198 p.
462 4114 520 4196 422
540 4120 575 4177 A.
