2842 4884
472 418 545 461 vrrs
569 418 607 461 nr
630 419 752 462 srunns.
1115 404 1155 468 17

75 567 182 639 etiam
219 567 358 641 dictum
394 568 596 666 quoddam,
635 582 679 642 ut
708 571 843 663 fertur,
875 571 1062 665 Hieronis,
1094 574 1155 646 oui

74 699 191 770 quum
216 675 456 772 Xenophanes
480 688 627 776 questus
645 690 753 767 emet,
773 703 842 750 «se
862 679 922 752 vix
946 679 1035 751 duos
1057 695 1156 776 posse

73 805 188 856 servos
213 779 336 872 alere,
359 808 380 853 >r
407 782 470 856 ille
495 782 714 880 respondisse
740 784 888 856 fertur:
919 810 940 859 (t
962 800 1001 858 at
1020 788 1156 860 Home-

73 913 148 979 rus,
169 913 285 986 quem
304 902 346 960 tu
366 891 496 988 carpis,
516 889 638 988 plures
661 889 725 962 alit
746 912 864 988 quam'
876 892 1000 966 decem
1016 893 1153 986 millia,

75 995 180 1066 etiam
211 1007 379 1068 mortuus
396 995 447 1068 34:
470 1023 490 1067 n
518 995 697 1068 intellexit
728 998 938 1096 rhapsodos,
971 1002 1036 1097 qui
1067 1027 1157 1074 can-

74 1102 187 1172 tandis
220 1103 369 1174 Homeri
404 1103 621 1176 carminibus
650 1105 786 1178 victum
815 1107 1048 1203 quaerebant.
1087 1108 1157 1180 Sed

76 1233 191 1305 quum
222 1223 406 1307 tempora,
436 1225 480 1283 ut
507 1211 685 1303 diximus,
716 1213 776 1286 vix
803 1215 1039 1304 conveniant,
1069 1239 1157 1312 pro-

75 1313 191 1388 babile
220 1328 302 1405 est,
334 1317 401 1390 hoc
428 1318 582 1390 verbum
605 1319 633 1389 si
662 1318 706 1390 ab
736 1321 892 1393 Hierone
918 1321 1058 1392 editum
1082 1323 1155 1412 sit,

77 1447 146 1492 non
171 1422 243 1519 ipsi
267 1423 480 1521 Xenophani
509 1425 635 1496 sedin
667 1425 930 1523 Xenophanem
955 1428 1074 1524 potius
1110 1428 1155 1499 ab

75 1526 133 1598 illo
162 1529 305 1602 dictum
337 1556 442 1604 csse:
476 1529 695 1628 probabilius
730 1544 876 1622 tamen,
908 1557 981 1605 csse
1013 1532 1058 1605 ab
1086 1531 1156 1606 alio

75 1637 244 1734 quopiam
263 1636 389 1710 callide
410 1640 670 1736 excogitatum,
693 1664 767 1736 quo
790 1638 993 1713 extollenda
1010 1641 1159 1713 Homeri

77 1747 295 1840 praestantia
312 1746 540 1844 Xenophanis
557 1745 819 1820 cavillationem
835 1746 1054 1845 exploderet.
1086 1749 1158 1822 Sed

77 1875 146 1925 non
173 1865 320 1927 tantum
346 1855 409 1926 hos
448 1880 538 1952 quos
566 1854 747 1946 diximus,
787 1881 916 1929 verum
949 1855 1034 1927 alios
1061 1881 1159 1952 quo·-

79 1982 146 2055 que
176 1961 316 2059 ingenii
351 1961 443 2033 fama
474 1958 633 2053 nobiles,
665 1987 822 2059 quorum
855 1962 948 2036 dicta
979 1961 1038 2036 vel
1065 1962 1158 2034 facta

77 2067 316 2165 improbaret,
345 2068 459 2142 libere
491 2070 698 2166 perstrinxit
727 2082 765 2143 et
795 2069 980 2144 cavillatus
1008 2083 1082 2159 est,
1111 2082 1157 2141 ut

81 2177 341 2268 Epimenidem,
360 2179 465 2271 cujus
481 2177 724 2274 superstitioni
740 2202 814 2248 non
831 2181 966 2249 mirum
984 2191 1038 2250 est
1058 2175 1158 2249 illius

79 2282 253 2374 judicium
272 2309 511 2381 repugnasse,
533 2285 641 2356 etiam
667 2289 803 2354 Theleti
822 2285 1072 2356 contradixisse
1091 2283 1159 2356 fer-

81 2401 160 2481 tur,
186 2392 277 2464 item
304 2392 551 2486 Pytlchrcc,
577 2392 615 2460 in
639 2417 751 2488 quem
776 2392 884 2463 etiam
909 2415 1010 2464 nunc
1034 2417 1158 2466 versus

81 2497 154 2590 ejus
190 2511 383 2586 servantur
400 2496 433 2568 ³⁵.
461 2500 515 2570 Ex
548 2498 602 2570 his
633 2525 716 2597 ergo
739 2499 783 2571 de
803 2499 1032 2597 Xenophanis
1062 2499 1158 2595 poe‘si

80 2601 229 2694 judicari
254 2617 386 2703 potest,
411 2630 490 2676 eam
513 2604 558 2676 a'd
578 2605 786 2677 didacticum
800 2622 919 2704 genus
934 2605 1160 2702 potissimum

84 2711 306 2786 referendam
333 2736 429 2800 esse,
460 2711 556 2807 quod
586 2712 779 2783 minusad
807 2711 1011 2785 alliciendas
1025 2711 1158 2811 'homi-
1247 2763 1249 2766 ψ

59 2805 167 2888 ‘uum
187 2830 330 2892 mentes
350 2830 386 2892 et
405 2815 646 2910 delectandas,
669 2842 780 2915 quam
798 2819 844 2890 ad
866 2817 1068 2890 docendum
1081 2841 1158 2887 mo·
1211 2875 1215 2879 .

82 2924 315 3024 necdumque
338 2936 428 2997 esset
454 2923 699 3021 compositum.
729 2923 947 3022 Quanquam
974 2948 1049 2994 non
1076 2921 1157 2994 ideo

82 3151 368 3236 Diogenem‘j(scribit
387 3159 461 3218 anim
482 3158 675 3239 Ὁμηραπάτην
695 3156 910 3235 intendem),
929 3179 987 3221 non
1002 3155 1160 3225 dubitarem

84 3261 140 3303 cum
159 3247 288 3309 Harlesio
308 3251 337 3308 in
354 3249 477 3310 Fabricii
495 3249 567 3311 Bibl.
585 3249 685 3308 Graec.
718 3251 753 3308 Τ.
766 3251 857 3330 ll‚p‚
876 3247 938 3309 616
955 3248 1029 3308 hanc
1049 3245 1161 3306 Kiihuii

84 3337 302 3400 emendationem
321 3341 453 3422 recipere.
476 3341 532 3402 Sed
550 3341 750 3422 ‘opimandam
773 3352 814 3400 est
833 3339 1039 3400 substantivum
1058 3340 1089 3397 in
1111 3362 1160 3420 ge-

84 3425 190 3506 nitito,
218 3433 296 3510 quasi
321 3433 468 3515 'op-,prsis
497 3432 625 3507 dudm,
655 3445 687 3491 ut
711 3431 845 3510 declarat}
854 3432 955 3491 Sextus
978 3429 1162 3509 Empiricos:

83 3513 347 3602 hammaim
377 3525 413 3586 di
436 3523 694 3598 incenderem,
719 3523 777 3584 im}
801 3521 848 3591 mir
869 3525 939 3602 παρ’
959 3519 1066 3601 Ὀμοίρῳ
1087 3524 1162 3585 ied-

86 3634 129 3674 την
157 3611 288 3698 driccpm.
316 3617 351 3674 cf.
379 3614 523 3676 Fabricius
544 3613 629 3675 adh.
657 3614 677 3672 l.
701 3625 761 3674 not.
781 3615 813 3673 F.
834 3616 889 3673 Pro
916 3612 1092 3678 incenderem
1121 3613 1160 3674 Is.

85 3699 257 3768 Casanbouus
286 3706 406 3767 malebat
437 3707 613 3782 inanime,
641 3704 717 3784 quod
740 3718 829 3766 metro
856 3717 898 3764 est
919 3703 1160 3763 convenientius:

86 3791 251 3872 probarem,
272 3797 327 3857 nisi
346 3799 428 3858 Timo
446 3796 588 3856 interdum
608 3807 679 3856 esset
700 3797 731 3854 in
751 3795 875 3860 numeris
895 3791 1091 3872 negligentior.

124 3882 183 3960 (34)
206 3885 345 3946 Plutarch.
368 3884 745 3968 Apophthegm.p.175.T·
766 3884 809 3945 Vl
819 3928 828 3958 ‚
847 3906 875 3964 p.
896 3881 967 3963 669.
987 3881 1082 3940 Reislx.

125 3973 188 4053 (35)
206 3977 324 4057 Diogen.
345 3978 376 4037 L.
396 3977 415 4035 l.
439 3977 459 4036 l.
480 3973 662 4050 dresdeidrm
691 4001 723 4036 τι
747 3975 863 4048 λέγεται
886 3981 969 4056 Θαλῇ
994 3969 1041 4033 nai
1062 3977 1163 4040 Hodoi

92 4057 171 4143 stipe,
194 4065 393 4144 καθάψασθαι
415 4065 452 4129 dl
472 4066 519 4129 nal
539 4063 725 4144 'Euemert'dom

180 4165 326 4238 I.-
863 4163 1012 4234 '2
