2842 4884
262 389 309 453 38
709 402 905 447 xnaornanrs

261 583 325 634 cae
352 557 490 630 ratione
515 552 709 629 abhorrens
734 580 742 626 :
767 562 856 653 ρρέιιι
882 550 1048 627 dicebant
1068 577 1199 625 omnem
1217 560 1338 625 mentia

261 670 443 761 animique
466 667 559 752 ιιιίιι,
588 661 627 731 in
652 685 725 759 qua
752 660 863 758 posita
880 670 933 732 est
955 664 1112 753 ospitatio
1136 659 1210 731 sive
1232 669 1246 727 ὁ
1270 672 1337 739 νοῦς.

262 772 321 843 Sie
345 767 553 868 Empedocli
577 794 627 839 vs.
645 769 733 866 298,
759 767 875 839 Stura.
901 765 999 837 Deus
1027 764 1143 837 dictus
1167 776 1220 838 est
1245 776 1339 863 φρὴν

262 887 350 977 ἱερὴ
367 919 417 931 -
440 886 619 976 φροντίσι
634 884 739 967 κόσμον
761 875 880 944 ἄπαντα
905 879 1098 943 καταΐσσσισιι
1121 872 1218 966 Sopor.
1238 870 1341 964 Quod

262 984 401 1059 dictum
424 1009 509 1057 eum
538 982 575 1053 h.
596 980 626 1054 ·l.
655 985 730 1077 jam
757 978 912 1052 eontulit
940 978 1100 1053 Brandis.
1127 978 1235 1077 Magis
1260 975 1341 1052 vul·

263 1115 348 1191 gare
374 1091 494 1167 fuerat
521 1087 639 1164 dicere
664 1094 744 1187 ρρενί
769 1094 820 1159 καὶ
841 1098 906 1183 νόῳ.
926 1087 1108 1159 ¹Dictionis
1134 1086 1283 1157 formam
1313 1086 1341 1157 si

261 1209 415 1297 spectes,
429 1196 545 1270 simile
556 1208 609 1269 est
622 1195 856 1271 Homericum
870 1194 913 1267 II.
930 1198 958 1281 ξ.
979 1194 1064 1288 288,
1079 1200 1158 1291 ἠέρος
1175 1198 1284 1288 αἰθὴρ,
1298 1190 1341 1265 al.

777 1439 833 1506 IV.

361 1628 426 1697 Ate
447 1619 475 1697 δ’
494 1634 524 1698 ἐν
549 1626 645 1722 ταύτῷ
668 1654 700 1696 τι
720 1634 816 1719 μένειν
842 1629 1000 1716 κινούμενον
1024 1621 1124 1712 οὐδέν,

362 1734 423 1805 atet
449 1740 718 1832 μετέρχεσθαίριν
743 1739 890 1831 ἐπιπρέπει
917 1730 1024 1800 ἄλλοτε
1048 1728 1139 1821 ἄλλῃ.
1257 1797 1266 1811 ,

265 1928 339 2001 Hos
367 1954 490 2003 versus
516 1927 642 2003 laudat
667 1926 874 2025 Simplicius
889 1928 930 2000 in
956 1926 1063 1999 Arist.
1078 1926 1180 2027 Phys.
1201 1926 1227 1999 f.
1249 1923 1285 1997 6.
1303 1924 1345 1997 A.

266 2064 287 2109 a
324 2040 576 2131 Theophrasto,
602 2050 647 2108 ut
671 2036 834 2126 videtur,
858 2045 1058 2108 mutuatus.
1086 2034 1204 2108 Verba
1227 2044 1347 2105 autem

264 2143 364 2240 apud
389 2168 476 2216 eum
499 2144 548 2216 sic
574 2143 749 2242 leguntur
774 2171 782 2215 ε
804 2137 892 2214 ret
913 2150 943 2214 ἐν
971 2143 1067 2239 ταύτῷ
1089 2152 1167 2237 ρέιει
1191 2148 1347 2237 κινούμενοι

265 2254 360 2344 οὐδὲν,
387 2253 448 2323 uidi
476 2258 679 2349 μετέρχεσθαι
707 2261 780 2343 μὴν,
809 2256 868 2322 ἐπεὶ
894 2260 995 2347 πρέπει
1027 2251 1134 2323 ἄλλοτε
1159 2252 1251 2345 ἄλλῃ.
1279 2249 1350 2321 De-

266 2369 452 2457 pravatam
480 2361 695 2456 scripturam
721 2360 761 2429 in
788 2355 970 2454 Simplicio
999 2384 1106 2431 nemo
1135 2358 1348 2444 mirabitur,

268 2466 334 2561 qui
363 2465 526 2556 noverit,
555 2478 646 2564 quot
676 2464 815 2539 mendis
836 2466 924 2537 editi
942 2465 1054 2559 hujus
1083 2463 1167 2536 libri
1182 2474 1349 2538 scateant.

267 2573 482 2646 Emendatio
504 2575 545 2646 in
567 2586 722 2672 promtu·
740 2586 845 2646 erat:
871 2598 937 2671 pro
962 2583 1041 2667 μένει
1066 2573 1204 2647 correxi
1230 2582 1350 2667 μένειν,

267 2694 313 2753 ut
336 2708 421 2755 cum
444 2684 612 2782 sequenti
636 2683 817 2755 infinitivo
841 2689 1045 2780 μετέρχεσθαι
1071 2693 1288 2781 congrueret
1317 2692 1353 2753 et

267 2791 500 2887 responderet
526 2792 725 2866 accusativo
750 2797 926 2884 κινούμενοι,
953 2816 1084 2887 nempe
1107 2798 1188 2861 θεόν.
1214 2831 1264 2865 -,-
1292 2796 1351 2879 ἐπι-

268 2892 370 2993 πρέπει
392 2897 550 2994 postulat
576 2924 710 2972 sensns.
737 2898 782 2970 cf.
801 2898 946 2968 Homer.
966 2896 1032 2968 Od.
1055 2928 1088 2967 ω.
1112 2895 1195 2967 252.
1208 2896 1351 2968 Pindar.

268 3002 373 3100 Pyd»
388 3005 491 3095 VIII,
521 3002 581 3093 46.
596 3007 652 3078 ed.
669 3004 821 3077 Boeckh.
841 3047 891 3058 —
907 3003 1023 3075 Dictio
1050 3004 1156 3075 citiore
1179 3004 1259 3096 ἄλλῃ
1281 3004 1354 3075 fre-

267 3133 384 3207 quens
410 3122 463 3180 est
483 3113 618 3207 poetis,
649 3125 693 3183 ut
719 3110 914 3208 Theognidi
938 3136 987 3183 vs.
1028 3107 1094 3209 157
1116 3120 1153 3181 et
1170 3107 1253 3180 232.

198 3304 207 3313 ἡ
317 3213 573 3287 Praedicantur
588 3218 676 3290 haec
693 3216 738 3290 de
762 3224 848 3311 Deo,
866 3242 977 3315 quem
992 3218 1128 3293 moveri
1152 3214 1352 3311 Xenopha-

268 3348 334 3395 nes
358 3334 489 3421 negat,
520 3325 619 3421 quod
650 3325 824 3423 placitum
849 3326 942 3398 infra
966 3325 1166 3398 accuratius
1191 3321 1354 3421 explica-

268 3429 400 3504 bimus.
418 3429 511 3501 Cum
531 3430 585 3504 his
603 3434 801 3506 concinunt
819 3458 988 3531 prorsus,
1020 3457 1114 3532 quae
1136 3439 1260 3529 περὶτοῦ
1278 3430 1355 3507 ὄντος

268 3538 355 3612 dicit
378 3538 608 3611 Parmenides
638 3567 646 3612 :

370 3688 473 3765 ταύτόν,
497 3679 521 3755 τ’
545 3694 575 3759 ἐι
599 3686 696 3780 ταύτῷ
720 3714 752 3756 τε
777 3695 858 3781 μένοι
888 3682 962 3759 καθ’
986 3694 1068 3759 ἑαυτό
1092 3716 1124 3757 τε
1150 3706 1255 3759 κεῖται.

642 3894 967 3908 m-

249 4042 252 4049 ’
271 4023 323 4085 IV.
345 4020 460 4103 Semper
480 4022 560 4083 illum
585 4044 697 4084 manere
719 4027 749 4083 in
769 4023 866 4085 eodem
885 4035 960 4084 statu
975 4043 1115 4104 nusquam
1128 4042 1158 4083 se
1172 4030 1355 4095 moventem,

354 4135 408 4174 nec
424 4114 491 4175 alias
508 4114 564 4177 alio
583 4116 652 4177 ferri
671 4136 826 4197 congruum
845 4127 895 4175 est.
