<?xml version="1.0" encoding="UTF-8"?>
<!DOCTYPE html PUBLIC "-//W3C//DTD XHTML 1.0 Transitional//EN"
    "http://www.w3.org/TR/xhtml1/DTD/xhtml1-transitional.dtd">
<html xmlns="http://www.w3.org/1999/xhtml" xml:lang="en" lang="en">
 <head>
  <title>
</title>
<meta http-equiv="Content-Type" content="text/html;charset=utf-8" />
  <meta name='ocr-system' content='tesseract 3.04.00' />
  <meta name='ocr-capabilities' content='ocr_page ocr_carea ocr_par ocr_line ocrx_word'/>
</head>
<body>
  <div class='ocr_page' id='page_1' title='image "./xenophaniscolop01karsgoog_0093.png"; bbox 0 0 2842 4884; ppageno 0'>
   <div class='ocr_carea' id='block_1_1' title="bbox 548 388 1172 464">
    <p class='ocr_par' dir='ltr' id='par_1_1' title="bbox 548 388 1172 464">
     <span class='ocr_line' id='line_1_1' title="bbox 548 388 1172 464; baseline 0.003 -10"><span class='ocrx_word' id='word_1_1' title='bbox 548 412 729 464; x_wconf 72' lang='lat' dir='ltr'>unisonas.</span> <span class='ocrx_word' id='word_1_2' title='bbox 1127 388 1172 456; x_wconf 78' lang='lat'>57</span> 
     </span>
    </p>
   </div>
   <div class='ocr_carea' id='block_1_2' title="bbox 100 540 1172 654">
    <p class='ocr_par' dir='ltr' id='par_1_2' title="bbox 100 540 1172 654">
     <span class='ocr_line' id='line_1_2' title="bbox 100 540 1172 654; baseline -0.001 -24"><span class='ocrx_word' id='word_1_3' title='bbox 100 561 170 654; x_wconf 78' lang='lat' dir='ltr'>jam</span> <span class='ocrx_word' id='word_1_4' title='bbox 207 558 336 646; x_wconf 83' lang='lat' dir='ltr'>verba,</span> <span class='ocrx_word' id='word_1_5' title='bbox 376 560 471 652; x_wconf 79' lang='grc' dir='ltr'><strong><em>ἔπειμι</em></strong></span> <span class='ocrx_word' id='word_1_6' title='bbox 502 564 606 653; x_wconf 79' lang='grc' dir='ltr'><strong>λόγον,</strong></span> <span class='ocrx_word' id='word_1_7' title='bbox 638 563 725 644; x_wconf 68' lang='grc' dir='ltr'>δέίξω</span> <span class='ocrx_word' id='word_1_8' title='bbox 760 563 791 630; x_wconf 81' lang='grc' dir='ltr'>δὲ</span> <span class='ocrx_word' id='word_1_9' title='bbox 816 540 976 646; x_wconf 55' lang='lat' dir='ltr'>altitudo,</span> <span class='ocrx_word' id='word_1_10' title='bbox 1001 557 1172 632; x_wconf 80' lang='lat' dir='ltr'>indicant.</span> 
     </span>
    </p>
   </div>
   <div class='ocr_carea' id='block_1_3' title="bbox 100 665 1176 1403">
    <p class='ocr_par' dir='ltr' id='par_1_3' title="bbox 100 665 1176 1403">
     <span class='ocr_line' id='line_1_3' title="bbox 101 665 1174 764; baseline 0.001 -28"><span class='ocrx_word' id='word_1_11' title='bbox 101 667 255 739; x_wconf 90' lang='lat' dir='ltr'>Primum</span> <span class='ocrx_word' id='word_1_12' title='bbox 267 678 390 740; x_wconf 88' lang='lat' dir='ltr'>autem</span> <span class='ocrx_word' id='word_1_13' title='bbox 403 666 502 739; x_wconf 93' lang='lat' dir='ltr'>hunc</span> <span class='ocrx_word' id='word_1_14' title='bbox 523 691 668 741; x_wconf 87' lang='lat' dir='ltr'>versum</span> <span class='ocrx_word' id='word_1_15' title='bbox 680 666 856 764; x_wconf 83' lang='lat' dir='ltr'>Diogenes</span> <span class='ocrx_word' id='word_1_16' title='bbox 875 665 1010 764; x_wconf 79' lang='lat' dir='ltr'>elegiae</span> <span class='ocrx_word' id='word_1_17' title='bbox 1027 666 1174 738; x_wconf 91' lang='lat' dir='ltr'>initium</span> 
     </span>
     <span class='ocr_line' id='line_1_4' title="bbox 101 770 1174 869; baseline 0.001 -25"><span class='ocrx_word' id='word_1_18' title='bbox 101 773 199 846; x_wconf 83' lang='lat' dir='ltr'>fuisse</span> <span class='ocrx_word' id='word_1_19' title='bbox 218 773 305 845; x_wconf 90' lang='lat' dir='ltr'>dicit</span> <span class='ocrx_word' id='word_1_20' title='bbox 326 799 334 844; x_wconf 93' lang='lat'>:</span> <span class='ocrx_word' id='word_1_21' title='bbox 355 785 476 846; x_wconf 91' lang='lat' dir='ltr'>tamen</span> <span class='ocrx_word' id='word_1_22' title='bbox 500 797 577 844; x_wconf 92' lang='lat' dir='ltr'>non</span> <span class='ocrx_word' id='word_1_23' title='bbox 600 773 789 869; x_wconf 87' lang='lat' dir='ltr'>inceptum</span> <span class='ocrx_word' id='word_1_24' title='bbox 806 770 872 843; x_wconf 91' lang='lat' dir='ltr'>hoc</span> <span class='ocrx_word' id='word_1_25' title='bbox 895 797 1005 845; x_wconf 91' lang='lat' dir='ltr'>versu</span> <span class='ocrx_word' id='word_1_26' title='bbox 1029 798 1174 845; x_wconf 88' lang='lat' dir='ltr'>carmen</span> 
     </span>
     <span class='ocr_line' id='line_1_5' title="bbox 101 879 1173 977; baseline 0 -27"><span class='ocrx_word' id='word_1_27' title='bbox 101 879 156 950; x_wconf 88' lang='lat' dir='ltr'>scd</span> <span class='ocrx_word' id='word_1_28' title='bbox 178 883 296 977; x_wconf 90' lang='lat' dir='ltr'>potius</span> <span class='ocrx_word' id='word_1_29' title='bbox 316 879 568 951; x_wconf 87' lang='lat' dir='ltr'>continuatum</span> <span class='ocrx_word' id='word_1_30' title='bbox 593 880 700 951; x_wconf 87' lang='lat' dir='ltr'>fuisse</span> <span class='ocrx_word' id='word_1_31' title='bbox 726 881 800 975; x_wconf 93' lang='lat' dir='ltr'>ipsa</span> <span class='ocrx_word' id='word_1_32' title='bbox 824 879 1015 951; x_wconf 88' lang='lat' dir='ltr'>ostendunt</span> <span class='ocrx_word' id='word_1_33' title='bbox 1042 879 1173 977; x_wconf 73' lang='lat' dir='ltr'>verba,</span> 
     </span>
     <span class='ocr_line' id='line_1_6' title="bbox 101 984 1176 1082; baseline 0 -25"><span class='ocrx_word' id='word_1_34' title='bbox 101 1008 188 1082; x_wconf 87' lang='lat' dir='ltr'>quae</span> <span class='ocrx_word' id='word_1_35' title='bbox 211 985 402 1058; x_wconf 86' lang='lat' dir='ltr'><strong>transitum</strong></span> <span class='ocrx_word' id='word_1_36' title='bbox 425 985 469 1057; x_wconf 90' lang='lat' dir='ltr'>ab</span> <span class='ocrx_word' id='word_1_37' title='bbox 487 1011 561 1058; x_wconf 89' lang='lat' dir='ltr'>una</span> <span class='ocrx_word' id='word_1_38' title='bbox 583 1010 622 1057; x_wconf 87' lang='lat' dir='ltr'>re</span> <span class='ocrx_word' id='word_1_39' title='bbox 646 985 690 1057; x_wconf 90' lang='lat' dir='ltr'>ad</span> <span class='ocrx_word' id='word_1_40' title='bbox 716 984 821 1056; x_wconf 91' lang='lat' dir='ltr'>aliam</span> <span class='ocrx_word' id='word_1_41' title='bbox 842 985 1052 1082; x_wconf 84' lang='lat' dir='ltr'>significant.</span> <span class='ocrx_word' id='word_1_42' title='bbox 1071 985 1176 1058; x_wconf 89' lang='lat' dir='ltr'>Unde</span> 
     </span>
     <span class='ocr_line' id='line_1_7' title="bbox 100 1088 1173 1188; baseline 0 -27"><span class='ocrx_word' id='word_1_43' title='bbox 100 1088 208 1188; x_wconf 83' lang='lat' dir='ltr'>colligi</span> <span class='ocrx_word' id='word_1_44' title='bbox 228 1103 343 1188; x_wconf 87' lang='lat' dir='ltr'>potest</span> <span class='ocrx_word' id='word_1_45' title='bbox 357 1089 507 1188; x_wconf 84' lang='lat' dir='ltr'>elegiam</span> <span class='ocrx_word' id='word_1_46' title='bbox 521 1090 614 1163; x_wconf 88' lang='lat' dir='ltr'>hanc</span> <span class='ocrx_word' id='word_1_47' title='bbox 634 1089 801 1188; x_wconf 86' lang='lat' dir='ltr'>longioris</span> <span class='ocrx_word' id='word_1_48' title='bbox 822 1090 929 1162; x_wconf 91' lang='lat' dir='ltr'>fuisse</span> <span class='ocrx_word' id='word_1_49' title='bbox 946 1092 1173 1188; x_wconf 87' lang='lat' dir='ltr'>argumenti,</span> 
     </span>
     <span class='ocr_line' id='line_1_8' title="bbox 100 1196 1174 1296; baseline 0.003 -31"><span class='ocrx_word' id='word_1_50' title='bbox 100 1208 214 1292; x_wconf 88' lang='lat' dir='ltr'>postea</span> <span class='ocrx_word' id='word_1_51' title='bbox 231 1210 370 1285; x_wconf 88' lang='lat' dir='ltr'>autem,</span> <span class='ocrx_word' id='word_1_52' title='bbox 394 1197 492 1296; x_wconf 92' lang='lat' dir='ltr'>quod</span> <span class='ocrx_word' id='word_1_53' title='bbox 506 1197 673 1295; x_wconf 88' lang='lat' dir='ltr'>pluribus</span> <span class='ocrx_word' id='word_1_54' title='bbox 691 1208 859 1271; x_wconf 89' lang='lat' dir='ltr'>veterum</span> <span class='ocrx_word' id='word_1_55' title='bbox 879 1196 1097 1270; x_wconf 83' lang='lat' dir='ltr'>carminibus</span> <span class='ocrx_word' id='word_1_56' title='bbox 1118 1223 1174 1269; x_wconf 91' lang='lat' dir='ltr'>ac-</span> 
     </span>
     <span class='ocr_line' id='line_1_9' title="bbox 100 1303 907 1403; baseline 0.001 -30"><span class='ocrx_word' id='word_1_57' title='bbox 100 1303 203 1392; x_wconf 83' lang='lat' dir='ltr'>cidit,</span> <span class='ocrx_word' id='word_1_58' title='bbox 229 1305 270 1376; x_wconf 93' lang='lat' dir='ltr'>in</span> <span class='ocrx_word' id='word_1_59' title='bbox 293 1303 415 1403; x_wconf 90' lang='lat' dir='ltr'>plures</span> <span class='ocrx_word' id='word_1_60' title='bbox 441 1317 560 1403; x_wconf 91' lang='lat' dir='ltr'>partes</span> <span class='ocrx_word' id='word_1_61' title='bbox 584 1329 657 1378; x_wconf 90' lang='lat' dir='ltr'>esse</span> <span class='ocrx_word' id='word_1_62' title='bbox 682 1303 907 1401; x_wconf 84' lang='lat' dir='ltr'>discerptam.</span> 
     </span>
    </p>
   </div>
   <div class='ocr_carea' id='block_1_4' title="bbox 25 1439 1177 1968">
    <p class='ocr_par' dir='ltr' id='par_1_4' title="bbox 25 1439 1177 1968">
     <span class='ocr_line' id='line_1_10' title="bbox 143 1439 1173 1539; baseline 0.002 -27"><span class='ocrx_word' id='word_1_63' title='bbox 143 1439 295 1514; x_wconf 88' lang='lat' dir='ltr'>Videtur</span> <span class='ocrx_word' id='word_1_64' title='bbox 319 1455 442 1516; x_wconf 90' lang='lat' dir='ltr'>autem</span> <span class='ocrx_word' id='word_1_65' title='bbox 467 1441 520 1514; x_wconf 90' lang='lat' dir='ltr'>his</span> <span class='ocrx_word' id='word_1_66' title='bbox 546 1441 706 1517; x_wconf 83' lang='lat' dir='ltr'>versibus</span> <span class='ocrx_word' id='word_1_67' title='bbox 731 1440 920 1538; x_wconf 83' lang='lat' dir='ltr'>perstringi</span> <span class='ocrx_word' id='word_1_68' title='bbox 945 1439 1173 1539; x_wconf 89' lang='lat' dir='ltr'>Pythagoras,</span> 
     </span>
     <span class='ocr_line' id='line_1_11' title="bbox 101 1548 1173 1647; baseline 0.002 -27"><span class='ocrx_word' id='word_1_69' title='bbox 101 1550 198 1642; x_wconf 87' lang='lat' dir='ltr'>cujus</span> <span class='ocrx_word' id='word_1_70' title='bbox 211 1548 357 1647; x_wconf 88' lang='lat' dir='ltr'>placita,</span> <span class='ocrx_word' id='word_1_71' title='bbox 371 1564 445 1624; x_wconf 91' lang='lat' dir='ltr'>uta</span> <span class='ocrx_word' id='word_1_72' title='bbox 457 1550 643 1623; x_wconf 91' lang='lat' dir='ltr'>communi</span> <span class='ocrx_word' id='word_1_73' title='bbox 655 1549 845 1620; x_wconf 90' lang='lat' dir='ltr'>hominum</span> <span class='ocrx_word' id='word_1_74' title='bbox 859 1548 1027 1645; x_wconf 90' lang='lat' dir='ltr'>opinione</span> <span class='ocrx_word' id='word_1_75' title='bbox 1039 1548 1173 1642; x_wconf 88' lang='lat' dir='ltr'>aliena,</span> 
     </span>
     <span class='ocr_line' id='line_1_12' title="bbox 99 1655 1177 1754; baseline 0.004 -30"><span class='ocrx_word' id='word_1_76' title='bbox 99 1656 233 1754; x_wconf 89' lang='lat' dir='ltr'>saepius</span> <span class='ocrx_word' id='word_1_77' title='bbox 272 1657 431 1754; x_wconf 14' lang='lat' dir='ltr'>alpottis</span> <span class='ocrx_word' id='word_1_78' title='bbox 464 1659 673 1754; x_wconf 86' lang='lat' dir='ltr'>praesertim</span> <span class='ocrx_word' id='word_1_79' title='bbox 711 1655 853 1726; x_wconf 89' lang='lat' dir='ltr'>comicis</span> <span class='ocrx_word' id='word_1_80' title='bbox 881 1655 994 1728; x_wconf 88' lang='lat' dir='ltr'>derisa</span> <span class='ocrx_word' id='word_1_81' title='bbox 1028 1680 1127 1747; x_wconf 90' lang='lat' dir='ltr'>esse,</span> <span class='ocrx_word' id='word_1_82' title='bbox 1155 1681 1177 1728; x_wconf 87' lang='lat' dir='ltr'>e</span> 
     </span>
     <span class='ocr_line' id='line_1_13' title="bbox 100 1760 1177 1863; baseline 0.003 -32"><span class='ocrx_word' id='word_1_83' title='bbox 100 1761 228 1834; x_wconf 81' lang='lat' dir='ltr'>Cratini</span> <span class='ocrx_word' id='word_1_84' title='bbox 258 1760 485 1863; x_wconf 87' lang='lat' dir='ltr'>aliorumque</span> <span class='ocrx_word' id='word_1_85' title='bbox 503 1774 669 1837; x_wconf 87' lang='lat' dir='ltr'>veterum</span> <span class='ocrx_word' id='word_1_86' title='bbox 685 1762 893 1860; x_wconf 84' lang='lat' dir='ltr'>fragmentis</span> <span class='ocrx_word' id='word_1_87' title='bbox 911 1775 1069 1858; x_wconf 85' lang='lat' dir='ltr'>apparet.</span> <span class='ocrx_word' id='word_1_88' title='bbox 1090 1763 1177 1834; x_wconf 87' lang='lat' dir='ltr'>Fuit</span> 
     </span>
     <span class='ocr_line' id='line_1_14' title="bbox 25 1865 1177 1968; baseline 0.002 -30"><span class='ocrx_word' id='word_1_89' title='bbox 25 1945 26 1950; x_wconf 43' lang='lat'>.</span> <span class='ocrx_word' id='word_1_90' title='bbox 99 1881 214 1942; x_wconf 90' lang='lat' dir='ltr'>autem</span> <span class='ocrx_word' id='word_1_91' title='bbox 248 1871 345 1943; x_wconf 92' lang='lat' dir='ltr'>inter</span> <span class='ocrx_word' id='word_1_92' title='bbox 381 1869 601 1968; x_wconf 82' lang='lat' dir='ltr'>Pythagorae</span> <span class='ocrx_word' id='word_1_93' title='bbox 640 1881 677 1941; x_wconf 86' lang='lat' dir='ltr'>et</span> <span class='ocrx_word' id='word_1_94' title='bbox 706 1868 1009 1967; x_wconf 87' lang='lat' dir='ltr'>Pythagoreorum</span> <span class='ocrx_word' id='word_1_95' title='bbox 1047 1865 1177 1965; x_wconf 88' lang='lat' dir='ltr'>placita</span> 
     </span>
    </p>
   </div>
   <div class='ocr_carea' id='block_1_5' title="bbox 99 1974 1304 2074">
    <p class='ocr_par' dir='ltr' id='par_1_5' title="bbox 99 1974 1304 2074">
     <span class='ocr_line' id='line_1_15' title="bbox 99 1974 1304 2074; baseline 0 -28"><span class='ocrx_word' id='word_1_96' title='bbox 99 1974 273 2049; x_wconf 88' lang='lat' dir='ltr'>celebrius·</span> <span class='ocrx_word' id='word_1_97' title='bbox 301 1975 447 2050; x_wconf 92' lang='lat' dir='ltr'>nullum</span> <span class='ocrx_word' id='word_1_98' title='bbox 483 2002 594 2074; x_wconf 90' lang='lat' dir='ltr'>quam</span> <span class='ocrx_word' id='word_1_99' title='bbox 626 1975 746 2068; x_wconf 91' lang='lat' dir='ltr'>illud,</span> <span class='ocrx_word' id='word_1_100' title='bbox 772 1989 1010 2048; x_wconf 80' lang='lat' dir='ltr'>&#39;mortuorum</span> <span class='ocrx_word' id='word_1_101' title='bbox 1043 1976 1178 2048; x_wconf 89' lang='lat' dir='ltr'>animas</span> <span class='ocrx_word' id='word_1_102' title='bbox 1296 2031 1304 2046; x_wconf 94' lang='lat'>.</span> 
     </span>
    </p>
   </div>
   <div class='ocr_carea' id='block_1_6' title="bbox 24 2081 1236 3368">
    <p class='ocr_par' dir='ltr' id='par_1_6' title="bbox 24 2081 1236 3368">
     <span class='ocr_line' id='line_1_16' title="bbox 49 2081 1178 2182; baseline 0.002 -30"><span class='ocrx_word' id='word_1_103' title='bbox 49 2138 55 2145; x_wconf 92' lang='lat'>.</span> <span class='ocrx_word' id='word_1_104' title='bbox 98 2081 133 2152; x_wconf 90' lang='lat' dir='ltr'>in</span> <span class='ocrx_word' id='word_1_105' title='bbox 160 2082 227 2155; x_wconf 89' lang='lat' dir='ltr'>alia</span> <span class='ocrx_word' id='word_1_106' title='bbox 264 2109 421 2182; x_wconf 90' lang='lat' dir='ltr'>corpora</span> <span class='ocrx_word' id='word_1_107' title='bbox 452 2085 608 2182; x_wconf 89' lang='lat' dir='ltr'>migrare</span> <span class='ocrx_word' id='word_1_108' title='bbox 650 2109 725 2154; x_wconf 91' lang='lat' dir='ltr'>non</span> <span class='ocrx_word' id='word_1_109' title='bbox 754 2082 860 2153; x_wconf 91' lang='lat' dir='ltr'>modo</span> <span class='ocrx_word' id='word_1_110' title='bbox 896 2082 1087 2154; x_wconf 91' lang='lat' dir='ltr'>hominum</span> <span class='ocrx_word' id='word_1_111' title='bbox 1115 2082 1178 2154; x_wconf 90' lang='lat' dir='ltr'>sed</span> 
     </span>
     <span class='ocr_line' id='line_1_17' title="bbox 97 2185 1176 2287; baseline 0.002 -29"><span class='ocrx_word' id='word_1_112' title='bbox 97 2185 289 2262; x_wconf 87' lang='lat' dir='ltr'>bestiarum</span> <span class='ocrx_word' id='word_1_113' title='bbox 313 2191 447 2282; x_wconf 81' lang='lat' dir='ltr'>etiam3</span> <span class='ocrx_word' id='word_1_114' title='bbox 476 2189 710 2287; x_wconf 88' lang='lat' dir='ltr'>quamohrem</span> <span class='ocrx_word' id='word_1_115' title='bbox 733 2187 876 2261; x_wconf 86' lang='lat' dir='ltr'>laedere</span> <span class='ocrx_word' id='word_1_116' title='bbox 902 2213 960 2261; x_wconf 91' lang='lat' dir='ltr'>eas</span> <span class='ocrx_word' id='word_1_117' title='bbox 988 2200 1053 2259; x_wconf 91' lang='lat' dir='ltr'>aut</span> <span class='ocrx_word' id='word_1_118' title='bbox 1086 2188 1176 2260; x_wconf 92' lang='lat' dir='ltr'>occi-</span> 
     </span>
     <span class='ocr_line' id='line_1_18' title="bbox 98 2293 1178 2393; baseline 0.001 -27"><span class='ocrx_word' id='word_1_119' title='bbox 98 2293 178 2367; x_wconf 88' lang='lat' dir='ltr'>dere</span> <span class='ocrx_word' id='word_1_120' title='bbox 203 2296 307 2369; x_wconf 89' lang='lat' dir='ltr'>nefas</span> <span class='ocrx_word' id='word_1_121' title='bbox 331 2294 593 2393; x_wconf 87' lang='lat' dir='ltr'>praedicabant.</span> <span class='ocrx_word' id='word_1_122' title='bbox 611 2296 666 2370; x_wconf 88' lang='lat' dir='ltr'>De</span> <span class='ocrx_word' id='word_1_123' title='bbox 689 2298 797 2390; x_wconf 83' lang='lat' dir='ltr'>cujus</span> <span class='ocrx_word' id='word_1_124' title='bbox 821 2293 943 2393; x_wconf 86' lang='lat' dir='ltr'>placiti</span> <span class='ocrx_word' id='word_1_125' title='bbox 966 2295 1178 2368; x_wconf 87' lang='lat' dir='ltr'>auctoritate</span> 
     </span>
     <span class='ocr_line' id='line_1_19' title="bbox 100 2398 1179 2501; baseline 0 -31"><span class='ocrx_word' id='word_1_126' title='bbox 100 2403 250 2498; x_wconf 88' lang='lat' dir='ltr'>nequis</span> <span class='ocrx_word' id='word_1_127' title='bbox 278 2401 445 2494; x_wconf 85' lang='lat' dir='ltr'>dubitet,</span> <span class='ocrx_word' id='word_1_128' title='bbox 468 2402 593 2476; x_wconf 89' lang='lat' dir='ltr'>eadem</span> <span class='ocrx_word' id='word_1_129' title='bbox 622 2401 842 2501; x_wconf 91' lang='lat' dir='ltr'>Pythagoreo</span> <span class='ocrx_word' id='word_1_130' title='bbox 868 2398 1078 2498; x_wconf 88' lang='lat' dir='ltr'>Empedocli</span> <span class='ocrx_word' id='word_1_131' title='bbox 1108 2401 1179 2472; x_wconf 86' lang='lat' dir='ltr'>fuit</span> 
     </span>
     <span class='ocr_line' id='line_1_20' title="bbox 99 2505 1179 2603; baseline 0.002 -28"><span class='ocrx_word' id='word_1_132' title='bbox 99 2507 296 2600; x_wconf 87' lang='lat' dir='ltr'>sententia,</span> <span class='ocrx_word' id='word_1_133' title='bbox 320 2519 364 2580; x_wconf 91' lang='lat' dir='ltr'>ut</span> <span class='ocrx_word' id='word_1_134' title='bbox 389 2508 534 2580; x_wconf 87' lang='lat' dir='ltr'>Aristot.</span> <span class='ocrx_word' id='word_1_135' title='bbox 558 2507 664 2580; x_wconf 87' lang='lat' dir='ltr'>Rhet.</span> <span class='ocrx_word' id='word_1_136' title='bbox 689 2509 729 2599; x_wconf 90' lang='lat' dir='ltr'>I,</span> <span class='ocrx_word' id='word_1_137' title='bbox 777 2506 831 2578; x_wconf 79' lang='lat'>13.</span> <span class='ocrx_word' id='word_1_138' title='bbox 857 2533 894 2603; x_wconf 91' lang='lat' dir='ltr'>p.</span> <span class='ocrx_word' id='word_1_139' title='bbox 922 2507 995 2597; x_wconf 78' lang='grc'>418</span> <span class='ocrx_word' id='word_1_140' title='bbox 1020 2505 1059 2576; x_wconf 80' lang='lat' dir='ltr'>G.</span> <span class='ocrx_word' id='word_1_141' title='bbox 1103 2530 1179 2577; x_wconf 85' lang='lat' dir='ltr'>mc-</span> 
     </span>
     <span class='ocr_line' id='line_1_21' title="bbox 99 2612 1181 2714; baseline 0.002 -32"><span class='ocrx_word' id='word_1_142' title='bbox 99 2627 232 2707; x_wconf 85' lang='lat' dir='ltr'>morat,</span> <span class='ocrx_word' id='word_1_143' title='bbox 258 2627 295 2686; x_wconf 92' lang='lat' dir='ltr'>et</span> <span class='ocrx_word' id='word_1_144' title='bbox 315 2615 426 2713; x_wconf 91' lang='lat' dir='ltr'>ipsius</span> <span class='ocrx_word' id='word_1_145' title='bbox 452 2641 573 2690; x_wconf 87' lang='lat' dir='ltr'>versus</span> <span class='ocrx_word' id='word_1_146' title='bbox 598 2614 696 2714; x_wconf 91' lang='lat' dir='ltr'>apud</span> <span class='ocrx_word' id='word_1_147' title='bbox 722 2616 817 2687; x_wconf 82' lang='lat' dir='ltr'>Sext.</span> <span class='ocrx_word' id='word_1_148' title='bbox 844 2613 980 2710; x_wconf 88' lang='lat' dir='ltr'>Empir.</span> <span class='ocrx_word' id='word_1_149' title='bbox 1007 2612 1085 2687; x_wconf 85' lang='lat' dir='ltr'>adv.</span> <span class='ocrx_word' id='word_1_150' title='bbox 1111 2612 1181 2684; x_wconf 86' lang='lat' dir='ltr'>Ma·</span> 
     </span>
     <span class='ocr_line' id='line_1_22' title="bbox 100 2717 1179 2819; baseline 0.003 -33"><span class='ocrx_word' id='word_1_151' title='bbox 100 2718 204 2792; x_wconf 89' lang='lat' dir='ltr'>thern.</span> <span class='ocrx_word' id='word_1_152' title='bbox 232 2717 301 2810; x_wconf 88' lang='lat' dir='ltr'>lx,</span> <span class='ocrx_word' id='word_1_153' title='bbox 326 2735 410 2794; x_wconf 90' lang='lat' dir='ltr'>sect.</span> <span class='ocrx_word' id='word_1_154' title='bbox 440 2747 604 2819; x_wconf 85' lang='lat'>127-129</span> <span class='ocrx_word' id='word_1_155' title='bbox 617 2719 812 2811; x_wconf 88' lang='lat' dir='ltr'>declarant,</span> <span class='ocrx_word' id='word_1_156' title='bbox 826 2720 892 2817; x_wconf 91' lang='lat' dir='ltr'>qui</span> <span class='ocrx_word' id='word_1_157' title='bbox 917 2744 1002 2790; x_wconf 90' lang='lat' dir='ltr'>cum</span> <span class='ocrx_word' id='word_1_158' title='bbox 1015 2717 1070 2790; x_wconf 92' lang='lat' dir='ltr'>his</span> <span class='ocrx_word' id='word_1_159' title='bbox 1091 2744 1179 2789; x_wconf 92' lang='lat' dir='ltr'>con-</span> 
     </span>
     <span class='ocr_line' id='line_1_23' title="bbox 100 2824 1180 2925; baseline 0.001 -31"><span class='ocrx_word' id='word_1_160' title='bbox 100 2826 236 2899; x_wconf 84' lang='lat' dir='ltr'>serendi</span> <span class='ocrx_word' id='word_1_161' title='bbox 258 2840 344 2899; x_wconf 90' lang='lat' dir='ltr'>sunt</span> <span class='ocrx_word' id='word_1_162' title='bbox 359 2855 366 2899; x_wconf 92' lang='lat'>:</span> <span class='ocrx_word' id='word_1_163' title='bbox 382 2829 426 2899; x_wconf 86' lang='lat' dir='ltr'>cf.</span> <span class='ocrx_word' id='word_1_164' title='bbox 454 2828 666 2900; x_wconf 84' lang='lat' dir='ltr'>Rittershus.</span> <span class='ocrx_word' id='word_1_165' title='bbox 683 2829 723 2898; x_wconf 92' lang='lat' dir='ltr'>in</span> <span class='ocrx_word' id='word_1_166' title='bbox 740 2826 911 2925; x_wconf 85' lang='lat' dir='ltr'>Porphyr.</span> <span class='ocrx_word' id='word_1_167' title='bbox 930 2845 972 2896; x_wconf 83' lang='grc' dir='ltr'>11ο</span> <span class='ocrx_word' id='word_1_168' title='bbox 991 2824 1055 2916; x_wconf 85' lang='lat'>36,</span> <span class='ocrx_word' id='word_1_169' title='bbox 1073 2852 1110 2923; x_wconf 87' lang='lat' dir='ltr'>p.</span> <span class='ocrx_word' id='word_1_170' title='bbox 1131 2827 1180 2924; x_wconf 71' lang='grc'>49</span> 
     </span>
     <span class='ocr_line' id='line_1_24' title="bbox 24 2925 1179 3034; baseline 0.002 -34"><span class='ocrx_word' id='word_1_171' title='bbox 24 2925 25 2928; x_wconf 47' lang='lat'>&#39;</span> <span class='ocrx_word' id='word_1_172' title='bbox 100 2956 170 3030; x_wconf 88' lang='lat' dir='ltr'>sqq.</span> <span class='ocrx_word' id='word_1_173' title='bbox 196 2933 254 3007; x_wconf 91' lang='lat' dir='ltr'>ed.</span> <span class='ocrx_word' id='word_1_174' title='bbox 279 2933 424 3008; x_wconf 87' lang='lat' dir='ltr'>Kuster.</span> <span class='ocrx_word' id='word_1_175' title='bbox 450 2936 487 3005; x_wconf 87' lang='lat' dir='ltr'>Si</span> <span class='ocrx_word' id='word_1_176' title='bbox 509 2935 620 3034; x_wconf 89' lang='lat' dir='ltr'>igitur</span> <span class='ocrx_word' id='word_1_177' title='bbox 647 2933 912 3030; x_wconf 84' lang='lat' dir='ltr'>Xenophanes,</span> <span class='ocrx_word' id='word_1_178' title='bbox 938 2943 982 3003; x_wconf 88' lang='lat' dir='ltr'>ut</span> <span class='ocrx_word' id='word_1_179' title='bbox 1006 2930 1179 3024; x_wconf 80' lang='lat' dir='ltr'>videtur,</span> 
     </span>
     <span class='ocr_line' id='line_1_25' title="bbox 102 3038 1180 3139; baseline 0.005 -33"><span class='ocrx_word' id='word_1_180' title='bbox 102 3049 188 3110; x_wconf 90' lang='lat' dir='ltr'>natu</span> <span class='ocrx_word' id='word_1_181' title='bbox 212 3038 332 3110; x_wconf 91' lang='lat' dir='ltr'>minor</span> <span class='ocrx_word' id='word_1_182' title='bbox 356 3041 426 3112; x_wconf 84' lang='lat' dir='ltr'>fuit</span> <span class='ocrx_word' id='word_1_183' title='bbox 449 3065 560 3138; x_wconf 93' lang='lat' dir='ltr'>quam</span> <span class='ocrx_word' id='word_1_184' title='bbox 584 3040 828 3139; x_wconf 73' lang='lat' dir='ltr'>Pythagoras,&#39;</span> <span class='ocrx_word' id='word_1_185' title='bbox 841 3064 914 3114; x_wconf 88' lang='lat' dir='ltr'>non</span> <span class='ocrx_word' id='word_1_186' title='bbox 938 3038 1092 3131; x_wconf 89' lang='lat' dir='ltr'>mirum,</span> <span class='ocrx_word' id='word_1_187' title='bbox 1112 3039 1180 3111; x_wconf 90' lang='lat' dir='ltr'>hoc</span> 
     </span>
     <span class='ocr_line' id='line_1_26' title="bbox 105 3143 699 3240; baseline 0.005 -25"><span class='ocrx_word' id='word_1_188' title='bbox 105 3143 277 3240; x_wconf 90' lang='lat' dir='ltr'>placitum</span> <span class='ocrx_word' id='word_1_189' title='bbox 299 3171 372 3219; x_wconf 91' lang='lat' dir='ltr'>esse</span> <span class='ocrx_word' id='word_1_190' title='bbox 396 3147 506 3225; x_wconf 85' lang='lat' dir='ltr'>abeo</span> <span class='ocrx_word' id='word_1_191' title='bbox 530 3149 699 3222; x_wconf 91' lang='lat' dir='ltr'>derisum.</span> 
     </span>
     <span class='ocr_line' id='line_1_27' title="bbox 146 3248 1236 3368; baseline 0.002 -48"><span class='ocrx_word' id='word_1_192' title='bbox 146 3252 257 3326; x_wconf 88' lang='lat' dir='ltr'>Iidem</span> <span class='ocrx_word' id='word_1_193' title='bbox 289 3279 412 3330; x_wconf 87' lang='lat' dir='ltr'>versus</span> <span class='ocrx_word' id='word_1_194' title='bbox 435 3255 560 3328; x_wconf 88' lang='lat' dir='ltr'>omisso</span> <span class='ocrx_word' id='word_1_195' title='bbox 586 3254 739 3327; x_wconf 91' lang='lat' dir='ltr'>auctoris</span> <span class='ocrx_word' id='word_1_196' title='bbox 763 3253 909 3331; x_wconf 85' lang='lat' dir='ltr'>nomine</span> <span class='ocrx_word' id='word_1_197' title='bbox 924 3248 1121 3327; x_wconf 82' lang='lat' dir='ltr'>laudairtur</span> <span class='ocrx_word' id='word_1_198' title='bbox 1135 3252 1175 3322; x_wconf 94' lang='lat' dir='ltr'>in</span> <span class='ocrx_word' id='word_1_199' title='bbox 1230 3352 1236 3368; x_wconf 76' lang='lat'>.</span> 
     </span>
    </p>
   </div>
   <div class='ocr_carea' id='block_1_7' title="bbox 434 3484 856 3508">
    <p class='ocr_par' dir='ltr' id='par_1_7' title="bbox 434 3484 856 3508">
     <span class='ocr_line' id='line_1_28' title="bbox 434 3484 856 3508; baseline 0 -6"><span class='ocrx_word' id='word_1_200' title='bbox 434 3484 856 3508; x_wconf 56' lang='grc'><strong>*1-1*-</strong></span> 
     </span>
    </p>
   </div>
   <div class='ocr_carea' id='block_1_8' title="bbox 101 3634 1130 3722">
    <p class='ocr_par' dir='ltr' id='par_1_8' title="bbox 101 3634 1130 3722">
     <span class='ocr_line' id='line_1_29' title="bbox 101 3634 1130 3722; baseline -0.002 -28"><span class='ocrx_word' id='word_1_201' title='bbox 101 3634 211 3700; x_wconf 87' lang='lat' dir='ltr'>XVIII.</span> <span class='ocrx_word' id='word_1_202' title='bbox 232 3638 295 3700; x_wconf 87' lang='lat' dir='ltr'>Jam</span> <span class='ocrx_word' id='word_1_203' title='bbox 315 3637 353 3699; x_wconf 89' lang='lat' dir='ltr'>ad</span> <span class='ocrx_word' id='word_1_204' title='bbox 371 3640 455 3700; x_wconf 89' lang='lat' dir='ltr'>alium</span> <span class='ocrx_word' id='word_1_205' title='bbox 472 3659 626 3722; x_wconf 84' lang='lat' dir='ltr'>sermonem</span> <span class='ocrx_word' id='word_1_206' title='bbox 647 3638 796 3720; x_wconf 81' lang='lat' dir='ltr'>aggredior</span> <span class='ocrx_word' id='word_1_207' title='bbox 813 3639 942 3716; x_wconf 69' lang='lat' dir='ltr'>namque</span> <span class='ocrx_word' id='word_1_208' title='bbox 959 3634 1130 3696; x_wconf 83' lang='lat' dir='ltr'>monstrabo.</span> 
     </span>
    </p>
   </div>
   <div class='ocr_carea' id='block_1_9' title="bbox 301 3769 1033 3786">
    <p class='ocr_par' dir='ltr' id='par_1_9' title="bbox 301 3769 1033 3786">
     <span class='ocr_line' id='line_1_30' title="bbox 301 3769 1033 3786; baseline -0.003 -2"><span class='ocrx_word' id='word_1_209' title='bbox 301 3773 382 3785; x_wconf 74' lang='lat'>——</span> <span class='ocrx_word' id='word_1_210' title='bbox 464 3773 545 3786; x_wconf 76' lang='lat'>——</span> <span class='ocrx_word' id='word_1_211' title='bbox 626 3771 707 3785; x_wconf 66' lang='lat' dir='ltr'>——u</span> <span class='ocrx_word' id='word_1_212' title='bbox 789 3772 871 3783; x_wconf 68' lang='lat' dir='ltr'>—n—</span> <span class='ocrx_word' id='word_1_213' title='bbox 952 3769 1033 3782; x_wconf 64' lang='grc'>--</span> 
     </span>
    </p>
   </div>
   <div class='ocr_carea' id='block_1_10' title="bbox 236 3833 1181 4188">
    <p class='ocr_par' dir='ltr' id='par_1_10' title="bbox 236 3833 1181 4096">
     <span class='ocr_line' id='line_1_31' title="bbox 236 3833 1181 3918; baseline -0.006 -22"><span class='ocrx_word' id='word_1_214' title='bbox 236 3835 393 3915; x_wconf 85' lang='lat' dir='ltr'>Aliquando</span> <span class='ocrx_word' id='word_1_215' title='bbox 413 3837 491 3896; x_wconf 92' lang='lat' dir='ltr'>illum</span> <span class='ocrx_word' id='word_1_216' title='bbox 509 3836 729 3918; x_wconf 84' lang='lat' dir='ltr'>(Pythagoram)</span> <span class='ocrx_word' id='word_1_217' title='bbox 748 3837 831 3895; x_wconf 86' lang='lat' dir='ltr'>catuli</span> <span class='ocrx_word' id='word_1_218' title='bbox 843 3833 1004 3896; x_wconf 83' lang='lat' dir='ltr'>verberibus</span> <span class='ocrx_word' id='word_1_219' title='bbox 1019 3833 1091 3892; x_wconf 88' lang='lat' dir='ltr'>caesi</span> <span class='ocrx_word' id='word_1_220' title='bbox 1105 3852 1181 3914; x_wconf 89' lang='lat' dir='ltr'>prae·</span> 
     </span>
     <span class='ocr_line' id='line_1_32' title="bbox 238 3927 1179 4001; baseline 0 -17"><span class='ocrx_word' id='word_1_221' title='bbox 238 3928 316 3986; x_wconf 85' lang='lat' dir='ltr'>aiunt</span> <span class='ocrx_word' id='word_1_222' title='bbox 336 3947 394 3986; x_wconf 89' lang='lat' dir='ltr'>esse</span> <span class='ocrx_word' id='word_1_223' title='bbox 416 3927 595 4001; x_wconf 85' lang='lat' dir='ltr'>miseratum,</span> <span class='ocrx_word' id='word_1_224' title='bbox 617 3927 704 3986; x_wconf 83' lang='lat' dir='ltr'>etsie</span> <span class='ocrx_word' id='word_1_225' title='bbox 724 3929 872 3986; x_wconf 84' lang='lat' dir='ltr'>locutum:</span> <span class='ocrx_word' id='word_1_226' title='bbox 1024 3935 1179 3985; x_wconf 75' lang='lat' dir='ltr'>ineuntem</span> 
     </span>
     <span class='ocr_line' id='line_1_33' title="bbox 236 4015 941 4096; baseline -0.004 -22"><span class='ocrx_word' id='word_1_227' title='bbox 236 4016 320 4075; x_wconf 87' lang='lat' dir='ltr'>Parce</span> <span class='ocrx_word' id='word_1_228' title='bbox 340 4017 505 4092; x_wconf 86' lang='lat' dir='ltr'>verberare,</span> <span class='ocrx_word' id='word_1_229' title='bbox 526 4015 662 4096; x_wconf 85' lang='lat' dir='ltr'>siquidem</span> <span class='ocrx_word' id='word_1_230' title='bbox 682 4019 739 4076; x_wconf 90' lang='lat' dir='ltr'>cari</span> <span class='ocrx_word' id='word_1_231' title='bbox 758 4015 879 4075; x_wconf 88' lang='lat' dir='ltr'>hominis</span> <span class='ocrx_word' id='word_1_232' title='bbox 900 4024 941 4072; x_wconf 87' lang='lat' dir='ltr'>cst</span> 
     </span>
    </p>

    <p class='ocr_par' dir='ltr' id='par_1_11' title="bbox 238 4106 791 4188">
     <span class='ocr_line' id='line_1_34' title="bbox 238 4106 791 4188; baseline 0.002 -24"><span class='ocrx_word' id='word_1_233' title='bbox 238 4107 328 4166; x_wconf 87' lang='lat' dir='ltr'>anima</span> <span class='ocrx_word' id='word_1_234' title='bbox 339 4151 348 4182; x_wconf 86' lang='lat'>,</span> <span class='ocrx_word' id='word_1_235' title='bbox 369 4127 451 4185; x_wconf 84' lang='lat' dir='ltr'>quern</span> <span class='ocrx_word' id='word_1_236' title='bbox 470 4109 573 4188; x_wconf 85' lang='lat' dir='ltr'>agnovi</span> <span class='ocrx_word' id='word_1_237' title='bbox 594 4106 791 4166; x_wconf 86' lang='lat' dir='ltr'>clamitantem.</span> 
     </span>
    </p>
   </div>
   <div class='ocr_carea' id='block_1_11' title="bbox 0 0 1431 4884">
    <p class='ocr_par' dir='ltr' id='par_1_12' title="bbox 0 0 1431 4884">
     <span class='ocr_line' id='line_1_35' title="bbox 0 0 1431 4884; baseline 0 0"><span class='ocrx_word' id='word_1_238' title='bbox 0 0 1431 4884; x_wconf 95' lang='lat' dir='ltr'> </span> 
     </span>
    </p>
   </div>
  </div>
 </body>
</html>
