2842 4884
514 392 736 463 rmnosornra.
1123 400 1168 465 93

20 603 21 606 ¹
81 572 173 634 runt
192 583 311 660 quam
337 588 358 633 a
376 560 632 660 legislatoribus
645 562 836 637 constituta
852 576 983 658 essent,
1004 564 1169 641 similiter

80 666 202 739 multa
226 679 268 738 et
282 667 482 765 gravissima
499 668 739 766 philosophiae
759 670 905 743 inventa
933 669 1049 742 multo
1067 672 1168 770 prius

79 774 283 846 hominum
298 774 390 846 lama
402 774 549 848 obscure
565 777 704 873 prodita
717 801 808 867 esse,
824 802 933 874 quam
946 777 1167 875 pbilosopho-
1191 855 1195 862 ,

79 904 166 952 rum
195 879 315 952 effatis
337 881 642 953 confirmarentur.
671 881 728 954 Sic
749 881 901 953 Thaletis
916 880 1104 979 placitum,
1121 909 1167 960 ex

79 1010 174 1083 aqua
194 999 278 1057 orta
292 1010 364 1058 esse
380 989 509 1078 omnia,
521 988 565 1060 ad
580 987 779 1058 Homerum
794 986 951 1086 aliosque
962 989 1096 1063 solebat
1111 1016 1181 1078 res

78 1091 166 1163 ferri
191 1091 233 1184 ³3
259 1093 308 1165 sic
332 1094 439 1166 etiam
461 1094 548 1167 haec
563 1094 759 1181 sententia,
781 1120 887 1166 unam
912 1122 986 1168 csse
1013 1103 1082 1172 cim
1096 1125 1168 1194 quo

79 1205 195 1272 omnis
225 1213 360 1272 matura
391 1207 613 1292 continetur,
637 1204 712 1296 jam
740 1199 826 1272 olim
854 1201 1047 1277 cratibus
1058 1255 1074 1290 ,
1101 1204 1167 1304 qui

78 1305 137 1379 vel
165 1307 209 1377 in
235 1304 385 1380 Graecia
405 1307 463 1383 vel
490 1309 529 1379 in
548 1307 697 1381 Oriente
721 1309 767 1381 de
800 1333 923 1382 rerum
946 1322 1075 1382 natura
1103 1338 1166 1385 ce-
1240 1317 1245 1325 '

79 1413 279 1502 emissent,
319 1415 463 1488 ridetur
499 1414 670 1490 divinitus
710 1440 783 1488 esse
825 1416 993 1512 prodita3
1034 1416 1166 1492 deiude

83 1531 210 1592 autem
224 1519 350 1592 Eleam
363 1521 525 1594 traducta
542 1548 562 1593 a
580 1520 793 1618 philosophis
808 1523 976 1620 usurpari
990 1534 1026 1595 et
1045 1522 1166 1622 explo-

80 1626 150 1696 rari
176 1640 308 1725 coepta
337 1639 389 1700 est
415 1627 438 1698 4.
475 1628 530 1700 Ad
552 1627 741 1724 Orpheum
762 1628 912 1701 eandem
946 1632 1163 1705 sententiam

80 1733 252 1806 referunt
295 1723 562 1807 Neo-Platonici
594 1760 604 1805 ι
633 1745 647 1804 ὁ
684 1737 851 1829 deotmar,
890 1738 930 1804 ἒν
966 1744 1164 1830 ἐγένετο,

80 1848 187 1935 φησὶν,
218 1854 264 1914 ut
290 1840 436 1913 Proclus
459 1843 568 1918 refert
599 1837 633 1933 ⁵3
661 1843 726 1939 qui
755 1842 843 1914 adeo
870 1842 963 1915 hanc
986 1843 1165 1916 Eleaticu-

80 1968 172 2016 rum·
182 1959 223 2020 et
239 1948 542 2046 Pythagoreorum
558 1948 756 2022 doctrinam
769 1974 852 2020 cum
870 1949 1034 2045 Orpheo,
1053 1951 1163 2022 Theo

81 2046 168 2148 logis
206 2064 247 2126 et
270 2042 568 2126 Chaldaeis'facit
601 2078 841 2127 communem.
870 2054 984 2148 Cujus
1011 2058 1164 2128 auctori-
1284 2129 1287 2135 .

83 2163 153 2248 tas,
177 2183 403 2284 quamquam
419 2185 549 2257 parum
564 2159 653 2254 fida,
671 2172 793 2232 tamen
809 2161 858 2232 ita
876 2159 1019 2258 probari
1031 2174 1162 2259 potest,
1276 2212 1278 2215 -

120 2407 165 2487 (3)
186 2409 308 2470 Aristot.
330 2409 454 2491 Metaph.
473 2412 508 2485 1,
531 2413 560 2471 3.
581 2431 611 2492 p.
631 2409 700 2488 645.
724 2411 759 2470 D.
781 2408 814 2471 E.
837 2411 956 2472 Casaub.

118 2528 162 2607 (4)
178 2532 265 2592 Hanc
299 2533 557 2613 interpretationem
580 2532 726 2612 confirmat
751 2533 847 2613 ipsum
869 2533 995 2592 Platonis
1028 2533 1164 2615 judicium

81 2615 109 2674 in
132 2619 255 2680 Philebo
280 2643 308 2700 p.
329 2623 386 2696 30,
410 2621 452 2681 ed.
478 2621 565 2682 Stalb.
590 2641 676 2700 quum
703 2621 820 2680 alterum
844 2622 977 2701 placitum
1000 2643 1049 2681 sua
1073 2636 1164 2683 aetate

82 2711 200 2770 maxime
229 2711 455 2789 frequentatum,
493 2705 519 2770 ἕν
541 2708 588 2770 sal
613 2707 708 2771 πολλοὶ
741 2709 823 2785 εἶναι,
845 2710 976 2770 similiter
999 2711 1035 2771 ad
1055 2714 1162 2792 priscos

81 2797 193 2859 refert:
224 2811 299 2861 Θνοῒν
323 2797 373 2877 μὲν
399 2801 522 2878 (iuquit)
550 2805 586 2860 εἰς
611 2798 756 2883 ὁνθροῖπνν
784 2799 884 2875 distr,
905 2794 941 2860 ὅν
965 2826 999 2872 γν
1021 2800 1163 2880 καταφαί-

83 2911 152 2948 νντονν
174 2889 382 2968 ν’μοὶ-νιννὶοὶ
396 2887 573 2968 piscationi
589 2890 736 2974 κρείττονος
761 2893 834 2969 cipedo
859 2889 905 2951 nal
930 2892 1070 2975 ν’γγννίρνν
1091 2897 1162 2953 θοᾶν

83 2982 234 3058 οἰκοῦντες,
261 2981 361 3051 redens
389 2982 481 3062 φνῖμννν
506 2981 685 3065 trepidares,
708 2984 744 3044 οἷς
772 2985 801 3058 ἕξ
826 2979 880 3044 blf
905 2981 955 3060 μὲν
981 2982 1028 3044 nal
1054 2994 1162 3046 πολλὸν

81 3063 155 3130 diros
176 3083 229 3135 τνῖν
252 3072 294 3134 ae'tl
315 3073 466 3151 λεγομένοιν
489 3069 562 3132 tiras.
580 3075 646 3133 Hoc
663 3074 836 3152 antiquitatis
852 3072 945 3132 studio
962 3075 1082 3132 maxime
1097 3073 1163 3134 duci

82 3160 148 3221 solet
179 3167 282 3240 Plato,
312 3186 400 3244 neque
427 3187 442 3224 a
469 3167 601 3244 magistro
625 3165 741 3224 Platone
762 3164 891 3223 dissentit
914 3164 1076 3224 Aristoteles
1096 3189 1104 3224 ε
1123 3165 1162 3228 cf.

82 3247 206 3335 Metaph.
227 3255 306 3331 XII,
327 3255 356 3317 8.
377 3277 407 3338 p.
424 3254 496 3338 744.
520 3255 554 3316 Ε.
569 3257 671 3316 Locum
687 3267 779 3314 autem
800 3254 926 3317 illumin
952 3254 1083 3336 Sophiste
1106 3257 1162 3336 jam

82 3341 188 3416 pridem
209 3346 427 3428 interpretando
447 3345 582 3426 explicuit
602 3345 692 3426 Ampl.
714 3345 809 3406 Groen
831 3366 887 3403 vau
904 3345 1060 3404 Prinsterer
1073 3347 1163 3406 Pros-

84 3445 177 3510 opogr.
188 3436 299 3494 Platon.
311 3458 337 3517 p.
351 3456 388 3517 27
397 3460 405 3512 ;
415 3436 462 3513 qui
473 3435 591 3495 adhibet
604 3435 723 3504 alterum
736 3434 954 3494 Platonislocum
964 3435 1015 3493 ubi
1026 3434 1162 3494 Heracliti
1247 3501 1253 3512 .

83 3517 213 3594 placitum
229 3525 356 3584 similiter
370 3524 468 3604 priscis
486 3525 597 3585 vatibus
607 3524 750 3599 tribuitur,
766 3525 795 3582 in
806 3523 921 3584 Theaet.
932 3545 963 3604 p.
978 3523 1045 3592 152,
1060 3523 1092 3580 G.
1108 3533 1160 3583 τᾶν

84 3605 286 3690 Ἠρακλνντννόνν
303 3612 333 3689 sl,
344 3608 432 3695 ὅπερ
452 3609 485 3674 ον’
498 3614 612 3690 λε’γννς,
632 3611 776 3697 Ὁμηρείων
795 3613 842 3674 sal
862 3613 903 3674 ire
922 3608 1106 3692 πιλννονέμν
1121 3611 1160 3672 cf.

84 3693 198 3764 Biantis
209 3707 362 3766 Comment.
373 3705 462 3764 Eleat
474 3726 502 3787 p.
513 3704 533 3764 6
543 3726 584 3784 sq.
596 3707 699 3766 Cousin
709 3727 737 3787 p.
749 3725 788 3764 νο
804 3725 846 3782 sq.
855 3705 1007 3763 arbitratur
1016 3701 1159 3783 Pythago-

83 3804 143 3849 reos
165 3815 182 3853 a
200 3796 316 3857 Platone
335 3795 495 3876 significari.
725 3798 728 3803 '

124 3905 166 3984 (5)
188 3910 302 3988 Proclus
316 3911 346 3970 in
357 3911 447 3970 Parm.
458 3910 493 3969 Τ.
504 3911 562 3983 lv,
572 3933 601 3994 p.
617 3933 682 3994 ¹973
701 3911 738 3970 cf.
758 3907 828 3969 ibid.
848 3929 877 3989 p.
902 3905 968 3984 ι4ἰ.
989 3905 1023 3965 Τ.
1036 3905 1104 3988 Vp.
1117 3926 1156 3967 22

86 4009 123 4069 sq.
133 3995 175 4057 ed.
190 4002 301 4061 Cousin.
312 4001 419 4062 Similia
436 4011 501 4060 sunt
522 4021 591 4080 quae
611 4002 749 4081 Eumolpo
766 3998 867 4058 tribuit
883 3996 967 4076 Diog.
986 3996 1018 4056 Ι..
1027 3996 1154 4056 Prooem.
1267 4032 1269 4035 ·

87 4097 149 4145 sect.
163 4091 191 4149 3.
202 4093 239 4152 cf.
258 4091 396 4154 Suidasin
408 4089 532 4175 'oppido
547 4090 711 4154 Cudworth.
724 4091 800 4171 Syst.
812 4086 905 4148 Intell.
916 4108 978 4189 cap.
991 4087 1034 4152 lv
1047 4132 1057 4165 ,
1073 4085 1151 4168 §m-
1191 4175 1194 4177 Α

1401 4044 1406 4163 l
