2842 4884
154 420 155 425 ’
220 408 223 413 ’
246 411 312 479 164
483 372 486 377 ¹
652 428 691 471 ou
712 427 905 471 xunorntms

243 584 409 661 dentibus
427 578 560 655 nubilis
581 590 783 667 concretos,
800 591 844 651 ut
861 576 1094 665 Plutarchus,
1120 574 1310 666 Stohaeus,

244 694 353 767 ceteri
376 690 524 762 tradunt
553 686 591 758 ⁴⁸.
618 688 672 760 De
698 687 795 759 Iride
818 687 988 759 feru'ntur
1013 686 1092 779 ejus
1114 683 1312 772 versiculi3

126 860 129 867 .
244 802 290 875 de
326 798 501 870 Dioscuris
513 848 527 883 ,
552 795 705 892 quaein
725 805 935 890 tempestate
961 794 1000 863 in
1024 790 1173 863 navibus
1195 816 1314 887 appa-

244 916 370 994 reant,
404 902 498 973 idem
534 900 689 972 traditur
712 901 898 979 censuisse.
929 898 1099 970 stobaeus
1119 896 1144 985 ⁴?
1166 924 1174 967 :
1200 904 1259 975 τοὺς
1281 891 1316 967 δ’

244 1018 290 1085 ἐπὶ
312 1026 366 1078 τῶν
389 1012 489 1080 πλαων
511 1015 670 1104 φαινομὲννς
693 1005 750 1100 [olor
770 1014 900 1102 ἀςέρας,
927 1008 972 1084 ὥς
989 1011 1038 1074 καὶ
1066 1003 1226 1099 Διωννίρως
1255 1034 1315 1073 κα-

245 1120 327 1186 λοῦσι’
345 1142 442 1201 τινες,
476 1116 590 1209 neptim
622 1108 696 1180 εἶναι
725 1119 802 1181 κατὰ
824 1121 874 1194 τὴν
903 1119 982 1181 ποιὰν
1013 1118 1121 1191 κίνησιν
1150 1112 1314 1205 παραλάμ-

246 1247 343 1292 ποντα.
382 1217 513 1289 Ultima
545 1216 653 1288 verba
687 1216 736 1287 sic
765 1216 907 1287 fortasse
937 1213 1086 1312 legenda
1118 1240 1126 1285 z
1156 1221 1232 1283 aaut
1258 1223 1312 1296 τὴν

243 1329 346 1397 πλοίων
370 1334 477 1405 κίνησιν
489 1328 553 1419 πυρὶ
576 1327 747 1414 leprosa„
768 1322 791 1391 i.
813 1346 844 1393 e.
865 1319 1061 1392 nubeculas
1079 1344 1189 1418 quae,
1207 1320 1315 1390 motis

244 1428 409 1515 navibus,
425 1426 563 1524 fulgore
578 1426 789 1524 splendeant
800 1423 834 1495 ⁵⁰.
849 1426 950 1496 Idem
965 1427 1090 1515 refert,
1105 1425 1150 1497 de
1166 1423 1314 1523 fulgure

245 1533 455 1631 Xenophani
479 1535 594 1607 visum
620 1556 711 1623 esse,
738 1539 872 1627 ἀςραπὰς
896 1538 1051 1624 γίγνεσθαι
1075 1535 1314 1627 λαμπρννομένων

245 1659 300 1711 των
326 1657 413 1737 νεφῶν
437 1646 513 1707 κατὰ
537 1648 586 1721 τὴν
610 1648 738 1723 κίνησιν,
779 1635 922 1733 fulgura
947 1662 989 1707 eo
1013 1637 1089 1707 fieri
1113 1637 1211 1733 quod
1240 1663 1312 1710 nu-

244 1746 306 1820 bes
328 1755 430 1815 motu
456 1744 604 1840 agitatae
633 1754 670 1815 et
698 1744 861 1814 incensae
888 1741 1140 1838 splendescant
1162 1739 1198 1812 ⁵¹.

293 1851 421 1923 Omnia
455 1850 611 1947 denique
642 1862 798 1921 meteora
825 1874 845 1921 e
878 1849 1103 1947 Xenophanis
1136 1853 1312 1923 sententia

246 1957 296 2028 alt
321 1980 392 2028 esse
415 1955 503 2053 νεφῶν
525 1964 730 2051 πεπυρωμένων
755 1956 950 2047 συςὴματαῆ
981 1962 1030 2025 καὶ
1053 1968 1197 2047 κινήματα
1212 1954 1252 2027 5’.’
1266 1958 1313 2029 In
1413 1986 1417 1994 ’

246 2061 378 2161 quibus
394 2060 559 2133 omnihus
575 2073 694 2157 patet,
714 2087 799 2134 eum
819 2062 858 2132 in
880 2059 1087 2157 explicanda
1105 2084 1228 2136 rerum
1248 2089 1313 2136 na-

207 2168 211 2181 “
246 2179 327 2239 tura
354 2190 398 2238 ex
425 2163 611 2237 oculorum
633 2192 738 2239 sensu
762 2192 836 2240 esse
857 2166 1065 2264 profectum.

626 2378 922 2527 ¹fh.

294 2666 387 2739 Cum
405 2664 460 2737 his
477 2688 570 2762 quae
587 2664 631 2736 de
663 2689 854 2763 corporum
878 2666 1080 2741 coelestium
1105 2670 1239 2769 origine
1274 2655 1312 2745 et

247 2784 375 2846 natura
402 2770 619 2861 traduntur,
645 2769 784 2868 reliqua
808 2774 894 2845 item
929 2788 1132 2873 congruunt
1156 2771 1308 2873 placita,

247 2902 339 2975 quae
356 2878 401 2951 de
417 2876 516 2969 solis,
540 2875 670 2970 lunae,
687 2879 916 2977 siderumque
937 2882 1135 2954 conditione
1155 2895 1191 2955 et
1207 2897 1311 2957 motu

151 3140 156 3147 .
284 3093 346 3173 (48)
368 3094 505 3153 Plutarch.
531 3094 604 3175 apud
618 3096 720 3158 Euseb.
740 3096 823 3159 modo
844 3097 919 3158 laud.
943 3100 1091 3175 Stobaeus,
1113 3098 1233 3161 Achilles
1251 3102 1310 3163 Ta·

246 3182 320 3258 tius,
340 3186 439 3243 caetori
457 3183 562 3244 laudati
581 3184 617 3244 ed
639 3184 659 3266 ᾗ
678 3207 720 3265 sq.
1090 3202 1093 3205 ’

284 3294 349 3377 (49)
368 3295 499 3355 Stohaeus
526 3298 557 3370 Ι,
582 3296 629 3357 25.
661 3320 688 3380 p.
708 3299 786 3378 '5¹f·
809 3298 886 3359 Idem
916 3299 1001 3359 tradit
1029 3302 1208 3379 Plutarchus,
1233 3303 1307 3384 plac.

245 3383 314 3465 phil.
335 3386 379 3456 11,
404 3384 448 3444 18.
471 3384 567 3447 Galen.
588 3386 671 3446 XIII.
691 3390 794 3448 Omnes
813 3400 925 3448 servant
944 3387 1171 3470 roralealenus
1188 3414 1242 3474 pro
1258 3421 1312 3455 ra·

245 3476 424 3558 μλᾶμποντι
442 3476 526 3536 habet
545 3477 672 3553 νεφέλην.
688 3522 735 3541 ...
755 3480 987 3562 περιλαβών-νιν.

246 3682 264 3741 3
285 3590 347 3669 (50)
367 3590 409 3649 De
428 3590 571 3650 Dioscuris
589 3592 647 3651 vid.
666 3614 735 3671 qnae
755 3594 848 3653 laudat
866 3594 1018 3655 hfitsoherl.
1037 3595 1073 3655 ad
1091 3597 1187 3657 Horat.
1202 3596 1258 3657 0d.
1278 3599 1314 3675 1,

266 3723 274 3742 .
294 3703 337 3744 vs.
354 3702 383 3741 a.

228 3862 232 3875 Ι
285 3794 346 3874 (51)
368 3795 501 3856 Stobaeus
523 3796 537 3853 l
549 3842 557 3870 ‚
578 3798 626 3855 3ο.
647 3817 674 3877 p.
695 3796 763 3879 592.
794 3797 831 3857 ad
853 3819 881 3877 q.
900 3799 920 3857 l.
940 3800 1051 3860 Heeren
1077 3798 1171 3859 laudat
1186 3800 1311 3879 Diogen.

244 3882 335 3944 Lafrt.
355 3885 399 3945 IX
408 3930 423 3971 ,Ι
444 3908 489 3946 ιο.
509 3889 555 3965 qui
579 3899 669 3949 autem
690 3908 749 3947 non
768 3886 803 3947 ad
823 3888 1044 3971 Xenophanem,
1068 3890 1118 3951 sed
1136 3890 1172 3951 ad
1191 3892 1319 3953 Heracli

243 3982 303 4031 tum
323 3985 438 4055 spectat.

284 4084 347 4167 (52)
365 4086 443 4147 Stoh.
464 4090 498 4164 1,
520 4110 568 4171 29.
592 4111 620 4170 p.
637 4086 705 4151 580.
