2842 4884
505 396 719 440 ruinosoruu.
1078 380 1138 444 141

82 559 200 619 autem
219 574 284 645 pro
302 548 377 621 Deo
410 547 562 641 subjecit
590 555 634 619 τὸν
660 562 742 636 νῶν,
775 549 882 646 eique
909 551 995 623 adeo
1015 553 1143 628 tribuit

81 657 261 728 notionem
308 657 353 728 ab
383 656 509 753 ipsius¹
529 669 649 728 mente
684 654 848 727 alienam.
891 658 1051 758 Namque
1081 664 1144 759 (ut

79 773 241 835 veterum
265 762 473 835 testimoniis
502 761 667 858 constat)
696 764 834 858 primus
872 763 963 837 hanc
988 769 1141 841 nominis

79 870 296 939 notationem
331 869 518 965 usurpavit
545 868 785 967 Anaxagoras,
814 895 930 966 quum
957 899 1142 967 caussam,

80 998 168 1069 quae
194 976 315 1045 omnia
353 974 542 1067 moveret,
568 988 710 1047 mentem
748 974 942 1072 appellaret
976 1006 983 1049 :
1017 980 1071 1051 ὅσα
1109 1010 1143 1077 γε

79 1082 257 1175 ψυχὴνέχει
285 1088 444 1175 καὶμειζω
469 1088 518 1152 καὶ
553 1086 691 1170 charte,
732 1095 898 1153 πάντων
923 1100 1143 1184 νοῦςκρα-
1229 1148 1231 1152 .

79 1209 138 1256 aaz
168 1186 205 1258 ⁸².
235 1187 293 1259 Ab
317 1189 384 1261 hoc
400 1191 510 1287 igitur
540 1201 711 1287 tanquam
741 1190 857 1285 capite
885 1191 1039 1287 profecta
1056 1195 1144 1269 haec

76 1296 250 1367 sententia
282 1308 344 1368 est.
376 1298 446 1369 Iste
485 1308 607 1369 autem
642 1321 740 1368 error
777 1309 882 1368 natus
917 1308 970 1369 est
1001 1323 1047 1370 ex
1082 1328 1144 1373 se-

77 1402 267 1495 quentium
293 1401 582 1499 philosophorum
606 1402 784 1489 doctrina,
805 1404 871 1498 qui
886 1402 1021 1477 diversa
1043 1430 1145 1503 supe·

77 1506 210 1580 riorum
230 1508 358 1606 placita
381 1510 589 1607 cogitatione
608 1508 803 1606 complexi,
827 1510 923 1606 quod
947 1522 1145 1584 statuerent

76 1637 144 1685 esse
179 1640 304 1687 rerum
335 1615 579 1712 principium,
608 1614 704 1687 idem
735 1628 772 1688 et
800 1642 909 1687 unum
938 1628 976 1688 et
1002 1630 1144 1689 mentem

76 1722 352 1813 praedicarunt,
385 1720 575 1818 ambasque
603 1719 680 1793 illas
710 1722 871 1793 notiones
899 1734 943 1793 ut
970 1748 1144 1796 connexas

32 1886 35 1893 .
76 1824 168 1896 inter
189 1849 227 1895 se
244 1839 281 1897 et
296 1838 457 1923 cognatas
473 1853 548 1899 una
565 1831 842 1921 conjunxerunt.
858 1829 913 1900 Sic
928 1828 1027 1899 Plato
1039 1856 1145 1926 prae-

74 1932 195 2003 sertim
226 1933 348 2005 multis
378 1931 460 2003 locis
491 1933 654 2027 disserit,
689 1935 786 2032 quod
814 1961 932 2007 unum
966 1935 1144 2035 pleneque

76 2062 143 2111 esse
169 2037 231 2133 (τὸ
255 2044 307 2132 ἓν,
334 2047 364 2109 τὸ
387 2044 532 2118 παντελῶς
554 2041 616 2137 ὂν)
642 2040 805 2129 dicatur,
832 2067 905 2113 non
927 2067 1035 2138 posse.
1049 2043 1144 2118 illud

78 2159 241 2219 amente
268 2149 461 2244 segregari,
487 2147 547 2218 sed
572 2149 670 2219 hunc
696 2149 814 2221 Deum
839 2174 912 2222 esse
941 2151 1055 2223 omnis
1076 2179 1144 2223 na-

79 2259 176 2343 turae
205 2279 361 2325 caussam
387 2266 423 2325 et
450 2267 624 2330 rectorem
653 2252 687 2325 ⁸³.

123 2359 180 2433 Ad
199 2359 350 2431 eandem
372 2386 454 2457 ergo
472 2362 644 2433 rationem
665 2360 905 2434 Eleaticorum
920 2376 956 2434 et
968 2366 1144 2463 antiquio·

79 2487 155 2537 rum
181 2468 289 2539 etiam
313 2467 406 2542 dicta
425 2479 462 2538 et
477 2465 606 2562 placita
625 2468 894 2547 conformarunt
913 2471 1141 2565 interpretes,

79 2576 282 2665 praesertim
316 2572 579 2645 Neo-Platonici
606 2627 615 2665 ,
647 2573 704 2645 uti
727 2572 887 2644 Proclus'
911 2574 1046 2670 Orphei
1079 2575 1145 2668 illo

79 2677 189 2773 dicto,
218 2684 248 2750 ἓν
273 2689 404 2775 ἐγένετο,
432 2681 619 2779 significari
648 2680 697 2749 ait
722 2687 773 2759 τὴν
801 2683 923 2759 ὁλότητα
953 2693 998 2749 τοῦ
1026 2683 1143 2777 inprop-

79 2802 149 2877 γικοῠ
189 2800 246 2858 νοῦ.
279 2789 322 2875 In
362 2811 471 2883 quam
509 2784 841 2881 interpretationem
878 2784 1018 2856 inducti
1060 2799 1145 2858 sunt

79 2891 242 2985 sphaerae
258 2891 320 2962 illa
334 2893 497 2990 imagine,
523 2897 630 2989 quarn
654 2892 699 2963 ah
721 2891 980 2989 antiquioribus
1003 2892 1144 2966 desum-

79 3005 145 3069 tam
159 3000 290 3073 deinde
323 2999 366 3070 ad
398 3001 526 3069 mentis
554 2995 627 3072 vim
654 2997 923 3094 exprimendam
953 2999 1146 3073 transtule-

80 3119 182 3201 runt,
208 3110 258 3179 ita
283 3105 382 3177 Plato
406 3107 451 3178 de
475 3108 576 3205 Legg.
597 3106 635 3177 L.
658 3106 711 3197 X,
741 3132 775 3203 p.
799 3106 895 3203 898,
922 3106 955 3178 A
981 3134 988 3178 :
1018 3113 1145 3203 λέγοντες

81 3225 134 3281 νοῦν
161 3228 212 3295 τήν
243 3242 274 3284 τε
298 3222 327 3284 ἐν
368 3220 408 3282 ἑνὶ
437 3224 585 3311 φερομένην
619 3223 729 3294 κίνησιν
754 3230 876 3309 σφαιρεῖς
912 3212 1039 3309 imapum
1062 3225 1144 3312 ἀπει-

81 3333 204 3413 κασμένα
231 3342 349 3420 φοραῖς,
375 3326 422 3391 οὐκ
451 3321 492 3391 oio
519 3349 585 3391 nors
611 3340 745 3418 φανεῖμεν
771 3322 866 3416 quola
889 3322 1045 3417 δημιουργοὶ
1067 3326 1145 3418 λόγῳ

82 3429 170 3498 καλῶν
196 3436 319 3505 εἰκόνων.
346 3428 480 3502 Eadem
503 3427 764 3537 comparatione
781 3425 941 3499 Plotinus
958 3426 984 3475 ⁸4
1006 3426 1141 3516 utitur,

119 3663 177 3745 (82)
199 3670 380 3746 Anaxagorae
399 3666 485 3727 verba
508 3663 584 3746 apud
602 3664 735 3745 5111111111.Ι
747 3665 832 3746 Phys.
851 3662 901 3724 fol.
922 3666 971 3738 33,
993 3661 1026 3722 B.

120 3788 178 3870 (83)
199 3793 321 3875 Sophist.
342 3814 371 3873 p.
395 3790 473 3869 248,
492 3792 526 3851 Ε.
549 3791 655 3851 Phileb.
680 3812 708 3873 p.
734 3789 783 3850 28.
803 3812 863 3869 sqq.
885 3788 921 3847 ad
938 3809 966 3866 q.
980 3788 997 3846 l.
1019 3762 1145 3847 118111-

82 3871 158 3941 haum
177 3886 207 3944 in
231 3884 336 3945 Philehi
358 3882 425 3943 edit.
448 3904 476 3963 p.
502 3881 600 3963 76'sq·

119 3994 180 4081 (84)
198 4001 386 4076 Ennead.Vl,
400 4022 427 4081 7,
454 3998 498 4061 15.
522 4020 550 4079 p.
572 3998 676 4080 7081).
690 3999 735 4059 Jo.
757 3996 958 4057 Grammaticos
979 3996 1010 4053 in
1028 3994 1146 4055 Mereor.

84 4079 112 4157 l,
131 4087 179 4150 lol.
201 4089 239 4172 78
257 4090 288 4151 B.
310 4088 365 4171 (ad
381 4090 483 4149 calcem
502 4088 661 4171 Olympiod.
678 4088 833 4147 inMcteor.
845 4086 946 4147 Venet.
967 4080 1150 4157 15511111
