2842 4884
256 392 298 458 18
419 358 424 366 .
692 408 884 451 xnnornsms

253 559 533 638 existimandum
550 570 624 650 est,
641 558 816 656 poetieam
836 557 1048 634 suavitatem
1065 559 1100 632 ei
1115 585 1258 656 prorsus
1272 561 1343 634 de·

250 671 369 742 fuisse.
386 668 510 740 Cicero
539 664 689 764 quidem
716 690 841 740 versus
866 669 946 761 ejus
970 664 1058 738 dicit
1081 667 1203 738 minus
1226 667 1344 740 bonos

251 778 360 851 luisse
389 773 436 869 ³⁶3
463 773 560 873 quod
582 773 763 872 judicium
798 771 914 847 valeat
951 771 1007 854 de,
1034 773 1218 847 nonnullis
1255 802 1345 848 car-

250 882 434 971 minibus,
464 879 666 978 inquibus
702 892 914 976 argumenta
945 891 1115 953 tractaret
1156 883 1344 954 recondita

252 1005 327 1066 eta
353 991 524 1063 sermonis
550 987 814 1061 consuetudine
843 1000 881 1059 et
905 985 1080 1086 elegantia
1119 991 1343 1083 remotiora,

253 1110 471 1172 nontamen
499 1096 538 1167 id
560 1098 600 1168 in
632 1107 743 1167 totam
767 1097 846 1189 ejus
868 1095 993 1191 poesin
1023 1097 1237 1188 convenire,
1276 1124 1344 1169 ar-

252 1216 373 1302 guunt
401 1206 497 1302 ipsae
521 1202 720 1301 elegiarum
758 1200 954 1299 reliquiae,
987 1226 1083 1299 quae
1119 1203 1184 1275 etsi
1221 1205 1344 1276 inter-

251 1312 342 1384 dum
367 1335 440 1381 non
466 1309 572 1381 nimis
604 1308 777 1399 limatae,
810 1321 933 1380 tamen
961 1309 1111 1406 antiquo
1141 1312 1344 1382 venustatis

251 1413 368 1489 colore
388 1417 521 1489 tinctae
539 1427 635 1488 sunt.
655 1415 864 1487 Athenaeus
879 1436 964 1489 vero
987 1417 1095 1488 etiarn
1112 1413 1343 1514 diligentiam

251 1528 331 1621 ejus
367 1525 406 1595 in
444 1523 606 1599 versibus
642 1521 768 1596 laudat
792 1520 848 1592 ³⁷:
879 1522 967 1594 dicit
995 1525 1094 1596 enirn
1144 1523 1342 1624 Xenopha-

251 1657 361 1722 nem,
380 1642 424 1702 ut
454 1643 491 1703 et
521 1629 711 1721 Solonem,
740 1627 1004 1727 Theognidem,
1033 1627 1211 1726 aliosque,
1239 1631 1344 1728 quod

251 1739 425 1814 musicam
443 1736 726 1818 modulationem
737 1735 925 1834 (μελῳδίαν)
937 1735 1156 1811 carminibus
1175 1737 1249 1809 suis
1263 1763 1344 1809 non

252 1846 483 1936 adhiberent,
502 1871 544 1918 eo
562 1843 770 1943 diligentius
791 1845 954 1917 numeris
972 1857 1009 1916 et
1026 1869 1195 1917 mensura
1215 1870 1344 1919 versus

252 1977 335 2028 suos
355 1951 549 2025 elaborasse
574 1978 582 2021 :
606 1956 645 2023 in
672 1976 788 2049 eoque
811 1951 876 2022 hos
899 1956 1019 2048 poetas
1041 1950 1186 2025 differre
1207 1951 1253 2023 ab
1276 1978 1342 2024 an·

253 2057 470 2156 tiquiorihus
511 2058 722 2154 praesertim
755 2057 937 2148 Homero,
980 2059 1045 2154 qui
1078 2059 1235 2130 carmina
1273 2085 1344 2132 sua

252 2165 397 2238 musicis
417 2165 530 2237 modis
552 2165 776 2262 potissimum
798 2165 1110 2257 accommodasset,
1137 2178 1344 2240 metrorum

252 2283 378 2344 autem
401 2271 522 2343 minus
541 2271 664 2344 fuisset
685 2268 848 2369 diligens.
877 2272 972 2344 Huic
996 2271 1176 2345 Athenaei
1198 2287 1345 2347 senteu-

252 2378 325 2450 tiae
339 2402 413 2449 non
427 2377 542 2456 obstat
556 2377 723 2476 Diogenis
739 2379 987 2451 testimonium
1003 2379 1104 2477 quod
1123 2405 1231 2477 supra
1251 2407 1343 2478 pro-

251 2484 417 2577 tulimus,
430 2487 687 2584 Xenophanem
709 2485 883 2583 ῥαψῳδῆσαι
898 2513 962 2573 sua
980 2489 1150 2560 carmina.
1166 2488 1345 2582 Quamvis

185 2670 187 2680 ,
252 2594 353 2667 enim
378 2619 419 2666 ea
434 2591 581 2691 publice
597 2595 816 2685 recitaverit,
841 2593 941 2669 aliud
965 2607 1087 2668 tamen
1111 2607 1164 2668 est
1185 2597 1230 2668 ad
1250 2621 1342 2668 mu-

251 2702 408 2774 sicorum
424 2702 559 2774 ,modos
593 2726 722 2774 canere
751 2703 936 2794 carmina,
969 2701 1070 2776 aliud
1101 2705 1343 2800 pronuntiare

250 2810 324 2884 sive
342 2833 414 2881 assa
433 2835 520 2884 voce
537 2810 611 2884 sive
631 2807 675 2880 ad
693 2808 891 2903 citharam3
916 2809 1011 2883 illud
1032 2810 1231 2908 graviorem
1248 2837 1341 2884 mu·

250 2940 326 2986 sam
347 2915 457 3013 magis
480 2914 651 3007 decebat,
677 2915 744 2988 hoc
767 2914 976 3014 simpliciori
1000 2928 1037 2988 et
1062 2918 1231 2991 severiori
1253 2922 1342 3015 poe'·

250 3046 327 3094 seos
347 3024 471 3118 generi
501 3024 932 3121 priusflaccommodatum
960 3021 1082 3095 erat³⁸.
1107 3024 1344 3125 Quamquam

290 3268 355 3347 (36)
376 3267 464 3330 head.
487 3281 593 3346 quaest.
614 3271 677 3344 IV,
699 3273 749 3332 23.

293 3359 361 3444 (37)
382 3361 519 3421 Athenaei
538 3361 624 3421 verba
643 3361 735 3436 XIV,
754 3383 783 3444 p.
803 3359 880 3434 632,
900 3362 935 3420 D.
956 3360 1024 3421 haec
1044 3375 1140 3422 sunt:
1168 3367 1324 3424 Homerus
1329 3411 1341 3439 ,

250 3449 362 3530 inquit,
383 3446 435 3511 hl
454 3446 485 3512 cl
497 3449 746 3528 μεμελοποιηκέναι
768 3461 861 3512 πεῖναν
874 3452 971 3512 ἑαυτοῦ
989 3447 1038 3520 vols
1054 3451 1180 3528 wolvo-u,
1199 3456 1341 3536 αἱφροντιςὶ

250 3539 314 3601 cols
339 3539 458 3601 πολλου)
480 3544 636 3618 desolatus
659 3543 734 3603 ποιεῖ
752 3540 849 3619 εἶχονς
870 3541 918 3603 nal
939 3540 1097 3624 λαγαροιῗς,
1121 3541 1165 3605 ἴτε
1191 3542 1229 3606 dl
1249 3546 1343 3623 perrod-

252 3655 319 3716 povs·
339 3633 484 3710 Ξενοφάνης
508 3634 546 3694 ll
572 3633 619 3696 nul
640 3635 729 3696 Σίλων
750 3635 797 3696 κα)
818 3633 933 3710 Θέογνις
954 3635 1002 3697 και)
1024 3635 1213 3710 (tanoaldus,
1235 3639 1277 3699 ἔτι
1300 3637 1341 3700 Ν

250 3721 413 3806 fleplurdpcs
439 3727 452 3786 ὅ
481 3722 619 3806 Κορίνθὶος
646 3725 845 3803 tumamoris,
871 3725 918 3788 nal
938 3737 988 3789 cdv
1016 3738 1114 3789 λοιπόν
1143 3732 1166 3790 ol
1192 3726 1233 3806 pul
1258 3747 1342 3811 xpof-

251 3811 364 3886 rlyovrrs
391 3813 455 3898 otpolt
481 3811 517 3875 rol
533 3814 686 3892 ’ποιήματα
710 3815 880 3896 μελῳδίαν,
907 3820 1047 3879 {troaudus
1073 3815 1136 3880 roris
1160 3820 1257 3896 sr‘xoos
1279 3822 1340 3880 τοῖς
1416 3828 1417 3857 ³

252 3906 384 3986 elprbpcols
404 3908 451 3968 nal
471 3917 508 3991 τῇ
527 3905 605 3983 τάξει
629 3917 679 3968 τοῖν
699 3908 824 3991 μέτρω,
845 3909 893 3972 zai
916 3922 1061 3972 escroton
1084 3907 1153 3974 lxm
1174 3915 1259 3973 αότὸν
1277 3941 1340 3990 μη-

251 3993 313 4056 θεὶς
333 3997 475 4071 dalmatas
498 3996 559 4064 leat
580 3995 654 4077 μοι’τι
675 3997 799 4083 aayaepo's
819 4004 893 4078 pairs
917 4001 1047 4086 pericopas.

293 4086 356 4168 (38)
379 4089 462 4150 Conf.
482 4091 586 4151 Cousin
607 4091 627 4150 l.
645 4089 665 4152 l.
683 4113 714 4174 p.
737 4112 790 4175 19,
807 4106 874 4154 not.

1415 4012 1417 4041 l

1416 4072 1417 4097 l
