2842 4884
241 364 305 429 186
645 384 683 424 ne
707 382 901 425 morenis

233 542 295 633 jus
328 549 512 609 auctorem
542 534 751 632 praesertim
782 534 1041 632 Xenophanem
1068 536 1177 607 fnisse
1205 548 1314 609 vete-

235 668 293 717 res
319 655 510 719 mensur,
537 642 654 739 Ipsius
677 654 868 717 servantur
887 668 1033 733 versus,
1055 642 1190 740 quibus
1215 643 1313 717 banc

235 753 450 826 sententiam
478 749 635 849 prodidit
667 776 677 821 ε
718 776 740 821 u
770 749 1056 848 Quaecumque,
1092 751 1234 848 inquit,
1262 752 1314 824 de

234 885 258 933 s
283 860 360 931 Diis
375 870 523 957 totoque
547 857 687 931 mundo
702 884 725 929 a
741 882 800 931 me
821 859 914 931 dicta
931 872 1040 945 sunt,
1060 858 1106 931 de
1130 859 1184 929 his
1201 883 1314 931 nemo

234 997 255 1035 s
283 991 449 1064 unquam
474 978 616 1039 certum
647 966 756 1059 sciat3
789 991 830 1038 ac
856 964 941 1039 lieet
964 968 1223 1039 etiamverum
1251 992 1312 1037 as-

234 1098 257 1144 »
281 1086 478 1170 sequatur,
505 1074 626 1169 ipsum
660 1083 783 1145 tamen
807 1073 875 1145 hoc
914 1075 1051 1165 nescit,
1086 1098 1245 1169 namque
1268 1075 1312 1145 in

234 1205 257 1251 n
282 1179 449 1252 omuibus
478 1176 586 1252 rebus
614 1178 807 1276 opinamur
833 1192 979 1251 tantum
1010 1207 1018 1249 :
1046 1182 1126 1257 δόιος
1158 1185 1203 1249 ἐπὶ
1236 1197 1311 1251 πᾶσι

231 1317 252 1353 n
279 1296 410 1355 τέτυκται
425 1316 445 1351 n
462 1280 487 1355 ⁵.
498 1285 576 1357 Iloc
589 1284 726 1357 dictum
739 1284 846 1357 multi
856 1300 1023 1360 veterum
1039 1297 1311 1375 memorarunt,

232 1414 377 1465 sensnm
404 1391 504 1465 varie
533 1390 759 1488 interpretati
790 1404 877 1464 sunt
906 1418 916 1464 ε
946 1391 1008 1465 alii
1040 1392 1086 1463 ad
1115 1414 1171 1463 res
1196 1390 1313 1463 fluxas

233 1520 327 1595 quae
361 1494 523 1570 sensibus
550 1498 829 1595 percipiuntur,
862 1497 924 1571 alii
955 1498 1001 1570 ad
1025 1522 1170 1571 omnem
1194 1497 1313 1569 omnis

233 1614 384 1679 naturae
407 1602 647 1701 cognitionem
666 1604 796 1677 dicunt
819 1605 1019 1702 pertinere;
1038 1602 1099 1678 alii
1117 1604 1157 1677 iu
1172 1628 1213 1675 eo
1233 1602 1310 1674 du-

232 1706 414 1781 bitationis
429 1709 638 1783 modestiam
659 1708 833 1801 laudaut,
860 1708 921 1785 alii
945 1711 1147 1807 principem
1173 1709 1311 1781 faciunt

231 1816 478 1913 sceptioorum.
505 1815 614 1909 Quod
642 1829 687 1890 ut
712 1817 919 1911 judicetur,
948 1818 1060 1915 ipsius
1095 1815 1202 1889 verba
1229 1813 1311 1887 dili-

232 1922 374 2019 gentius
404 1920 617 1995 declaranda
651 1936 748 1997 sunt.
777 1922 876 1995 Nihil
904 1923 954 1995 ait
981 1922 1212 1995 manifestum
1234 1945 1313 1993 erse

232 2035 304 2125 ἀμφὶ
327 2034 407 2099 &tos
430 2056 462 2098 τι
487 2036 539 2099 sal
558 2029 639 2102 ἄσσα
662 2035 740 2125 λέγω
762 2036 827 2129 περὶ
848 2042 986 2118 πάντως
1009 2027 1100 2099 Deos
1125 2027 1211 2101 dicit
1235 2052 1311 2099 non

231 2157 277 2206 ex
301 2158 366 2209 sua
391 2137 568 2208 sententia
586 2138 697 2234 (nam
710 2163 831 2211 unum
846 2135 951 2211 modo
964 2133 1143 2207 statuebat
1163 2135 1279 2207 Deum
1294 2136 1310 2230 )

230 2236 364 2312 sodex
387 2238 529 2338 vulgari
555 2244 748 2339 opinione3
773 2251 811 2317 τὰ
834 2254 932 2313 πάντα
956 2242 1159 2315 universam
1184 2264 1311 2311 rerum

230 2354 399 2417 naturam
424 2346 632 2443 significant.
659 2348 756 2421 Haec
784 2346 893 2444 vulgo
920 2359 993 2419 tarn
1016 2372 1037 2419 a
1059 2347 1171 2444 positis
1194 2370 1309 2442 quam

230 2448 382 2547 physicis
401 2449 698 2544 celebrabantur,
724 2454 790 2549 qui
811 2453 903 2527 lleos
931 2465 968 2528 et
992 2478 1115 2525 rerum
1137 2464 1307 2525 naturam

229 2579 295 2629 suo
323 2557 478 2655 quisque
504 2557 610 2631 modo
637 2559 823 2657 fingebant
834 2612 848 2646 ,
875 2570 912 2630 et
937 2558 1063 2656 quales
1089 2559 1156 2656 ipsi
1178 2558 1307 2629 finxis-

230 2673 335 2754 sent,
365 2662 452 2737 tales
480 2689 554 2738 esse
582 2664 815 2739 affirmabant.
841 2667 911 2739 Ista
940 2678 1063 2739 autem
1091 2666 1307 2762 opinionum

230 2770 379 2845 varietas
403 2784 440 2845 et
462 2770 606 2845 licentia
632 2772 845 2871 Xenophani
870 2773 1015 2849 videtur
1039 2772 1131 2845 hauc
1156 2771 1307 2845 dubita-

229 2874 364 2950 tionem
396 2877 516 2951 fecisse
549 2905 621 2978 qua
646 2881 851 2974 judicaret,
884 2904 1135 2978 quaecumque
1163 2878 1209 2950 de
1243 2878 1301 2949 his

230 2983 505 3081 praedicentur,
530 2987 678 3061 obscura
701 3013 775 3061 esse
796 3000 834 3059 et
855 2988 1012 3079 incerta,
1031 3010 1229 3083 eorumque
1247 2986 1305 3056 in-

229 3103 390 3189 creparet
406 3094 640 3190 arrogantiam
661 3096 726 3193 qui
745 3120 782 3167 se
798 3094 885 3167 haec
901 3094 989 3167 scire
1007 3094 1261 3192 profiterentur
1279 3089 1303 3159 ⁶.

269 3394 314 3477 (5)
335 3397 401 3460 Vid.
422 3399 522 3479 fragm.
544 3399 638 3475 XIV,
659 3421 743 3482 supra
765 3424 793 3483 p.
810 3401 860 3463 51.

270 3534 316 3617 (6)
335 3534 379 3597 Ad
398 3534 474 3595 hunc
495 3538 585 3596 locum
602 3539 741 3619 pertinere
758 3538 891 3600 videntur
911 3537 966 3598 duo
981 3538 1136 3599 Aristotelis
1148 3536 1220 3605 loci,
1234 3554 1304 3613 quo-

230 3644 291 3685 rum
312 3626 455 3704 utriusque
475 3646 533 3686 non
554 3627 620 3687 satis
640 3627 778 3709 explicata
802 3640 844 3689 est
860 3628 1008 3688 sententia.
1028 3628 1105 3687 Alter
1116 3637 1158 3685 est
1176 3622 1301 3704 Metaph.

229 3713 293 3789 111,
321 3714 349 3777 5.
375 3737 404 3796 p.
428 3715 489 3797 672
515 3720 548 3777 Α.
572 3718 621 3777 ubi
645 3719 865 3779 commemoratis
888 3717 922 3776 iis
949 3729 1075 3777 veterum
1099 3715 1146 3794 qui
1171 3712 1306 3773 occultam

229 3823 323 3864 rerum
336 3808 504 3883 veritatem,
522 3828 617 3868 seusus
636 3807 749 3867 fallaces
769 3808 979 3881 existimarent,
998 3804 1106 3867 accedit
1126 3804 1256 3884 deinceps
1271 3800 1307 3861 ad

231 3912 278 3954 eos
300 3896 348 3972 qui
376 3898 521 3959 veritatem
542 3900 655 3960 omuino
680 3896 819 3957 tollerent.
847 3897 1008 3978 Superiores
1028 3897 1084 3970 illi,
1106 3897 1217 3973 inquit,
1239 3893 1307 3954 stal-

229 4008 282 4047 rec
312 3982 362 4062 ptis
391 3986 542 4063 Aiysortr,
570 3991 616 4050 orie
641 3992 739 4057 ἆληθῆ
765 3984 802 4048 Ν
830 3988 970 4059 λίγουσιν·
1000 3982 1066 4045 siro
1092 3984 1146 4067 νὴ
1174 3986 1305 4067 sippsirrtt

229 4086 339 4157 μᾶλλοι
375 4081 457 4141 clusis
487 4077 504 4147 sl
538 4076 626 4162 einsp
658 4076 826 4160 Ἐπίχαρμος
854 4074 872 4146 sl
900 4075 1053 4153 irrepsisse.
1079 4071 1120 4137 irs
1150 4074 1186 4136 Ν
1212 4086 1306 4141 τοῖο-ιν
