2842 4884
267 378 330 446 130
573 389 576 396 ’
674 391 713 434 nr
735 390 925 434 morasus

264 551 391 653 placita
423 573 507 624 cum
544 544 779 645 Pythagoricis
807 568 881 616 esse
913 546 1130 638 conjuncta,
1158 543 1195 617 id
1227 545 1339 617 etiam

263 661 432 734 universe
453 652 705 752 explicandum
728 663 804 741 est,
826 675 902 749 quo
920 650 1076 741 facilius,
1101 653 1264 749 utrisque
1280 652 1341 722 in·

264 780 320 840 ter
337 791 374 838 se
399 764 629 859 comparatis,
654 783 750 855 quae
769 756 913 855 propria
935 755 1034 829 illius
1059 758 1168 829 fuerit
1194 759 1282 828 ratio
1302 769 1341 830 et

264 897 376 972 quam
396 871 470 944 vim
492 869 533 945 in
554 864 774 939 Graecorum
799 864 1018 962 philosophia
1042 864 1231 955 habuerit,
1258 891 1341 962 per.
1410 886 1411 947 3

264 979 444 1077 spiciatur.
484 975 532 1046 Ut
568 971 718 1046 Eleatici
751 997 877 1044 rerum
913 971 1098 1046 veritatem
1133 971 1343 1069 indagantes
1410 976 1411 981 ’

269 1108 388 1156 ιιιιιιιιι
405 1107 482 1156 esse
495 1090 724 1169 statuerunt,
742 1079 792 1150 sic
809 1076 1034 1176 Pythagoreis
1059 1076 1195 1175 placuit
1216 1103 1343 1150 rerum

193 1227 195 1232 ·
266 1189 439 1287 principia
466 1185 661 1286 generatim
689 1210 808 1256 unum
835 1209 908 1256 esse
939 1197 976 1257 et
1004 1185 1140 1275 multa,
1169 1186 1265 1273 sive,
1296 1196 1344 1254 nt

267 1322 351 1368 cum
375 1295 524 1366 Platone
550 1290 665 1377 dicam
690 1288 739 1379 ⁵⁶,
765 1302 803 1369 ὡς
820 1295 853 1375 ἐξ
879 1297 938 1370 ἑνὸς
965 1296 1019 1382 μὲν
1043 1297 1093 1360 καὶ
1116 1295 1226 1362 πολλῶν
1248 1289 1342 1360 ὄντων

265 1419 322 1472 τῶν
354 1407 397 1472 ἀεὶ
425 1405 582 1495 λεγομένων
617 1393 720 1488 εἶναι,
750 1405 839 1494 πέρας
867 1400 899 1468 δὲ
928 1404 979 1466 καὶ
1005 1407 1137 1494 ἀπειρίαν
1170 1403 1202 1466 ἐν
1236 1405 1342 1475 tenue

267 1515 404 1608 ξὺμριτου
435 1505 571 1600 ἔχοντων.
607 1505 730 1576 Totam
763 1516 931 1575 naturam
962 1505 1082 1574 animo
1112 1500 1341 1599 contemplati

266 1618 306 1688 in
329 1617 405 1687 duo
430 1637 559 1710 genera
584 1610 846 1683 distribuerunt
867 1609 1003 1682 diversa
1025 1612 1120 1682 inter
1142 1633 1179 1680 se
1199 1621 1237 1680 et
1259 1634 1342 1680 con·
1410 1676 1412 1684 r

265 1723 401 1809 traria,
432 1716 544 1792 veluti
570 1743 663 1815 quae
688 1718 794 1789 modo
812 1718 1086 1790 memoravimus
1100 1722 1131 1786 τὸ
1141 1724 1231 1813 πέρας
1253 1727 1290 1787 et
1312 1721 1342 1785 τὸ

266 1827 410 1923 ἄπειρον,
436 1849 550 1922 eaque
579 1849 652 1894 una
681 1823 837 1920 quadam
862 1824 899 1894 ri
924 1825 973 1893 ita
1002 1847 1075 1895 esse
1100 1822 1284 1894 constricta
1303 1832 1342 1894 et
1412 1826 1413 1891 l

245 2023 249 2034 Ι
267 1935 477 2026 consociata,
497 1945 541 2004 ut
560 1931 800 2029 pulcerrimus
818 1931 903 2004 inde
918 1931 1101 2004 exstiteret
1116 1955 1240 2002 rerum
1259 1928 1341 2000 ordo

267 2053 305 2115 et
332 2040 441 2111 totius
471 2051 621 2111 naturae
651 2050 871 2128 concentus,
898 2039 965 2136 qui
992 2037 1073 2110 ideo
1100 2063 1121 2107 a
1150 2034 1341 2134 Pythagora

267 2158 371 2240 κόορω
397 2147 542 2216 nomine
569 2142 768 2217 celebratus
793 2155 856 2216 est

316 2251 386 2322 ttla
403 2264 527 2322 autem
544 2250 595 2325 vis
612 2252 686 2323 sire
702 2275 822 2321 unum
835 2248 929 2321 illud
942 2248 1050 2346 quale
1068 2244 1343 2348 intelligendum

269 2361 337 2450 sit,
362 2358 459 2432 varie
484 2368 574 2429 esta
597 2354 779 2428 veteribus
800 2356 1014 2454 expositum.
1041 2358 1264 2456 Antiquiores
1281 2357 1345 2455 ry·

269 2463 451 2561 thagorei,
476 2462 515 2532 in
539 2461 725 2533 contrariis
746 2461 937 2560 generibus
961 2463 1167 2562 indagandis
1191 2465 1343 2536 manime

268 2573 426 2660 intenti,
453 2595 582 2668 parum
607 2569 786 2642 subtiliter
808 2570 983 2644 definiisse
1003 2573 1193 2663 videntur,
1219 2584 1345 2645 utrum

270 2703 389 2754 unum
415 2677 482 2749 hoc
509 2673 754 2774 intelligerent
779 2675 935 2750 alterum
969 2703 1093 2750 rerum
1127 2677 1345 2752 elementum

150 2773 162 2798 ¹
269 2788 469 2886 (tanquam
493 2803 626 2880 περαῖνον
656 2783 860 2882 oppositum
883 2791 915 2855 τὸ
937 2787 1098 2882 ἀπείρῳ),
1122 2811 1169 2857 an
1186 2810 1270 2860 vero
1286 2809 1348 2857 su·
1413 2834 1414 2857 ι

269 2893 447 2989 periorem
466 2891 538 2964 vim
560 2890 758 2988 quandam,
779 2915 873 2987 quae
892 2890 1028 2964 diversa
1048 2892 1245 2965 contineret
1267 2893 1351 2986 jun·

272 3010 444 3095 geretque
466 2998 652 3068 contraria.
677 2998 747 3070 Sed
766 3008 958 3096 utramque
980 3010 1147 3071 naturam
1166 2999 1350 3073 veteriores

270 3101 326 3174 illi
339 3127 470 3200 parum
481 3101 677 3176 distinxisse
692 3103 878 3192 videntur,
894 3115 931 3177 et
947 3115 990 3176 ut
1004 3104 1230 3204 physicorum
1245 3104 1348 3204 pleri·

271 3235 344 3309 que
368 3222 451 3281 ante
475 3209 718 3310 Anaxagoram
743 3236 901 3284 caussam
932 3225 1137 3287 moventem
1170 3239 1257 3286 cum
1281 3215 1349 3311 ipsa

270 3340 395 3390 rerum
432 3317 579 3390 materie
602 3317 863 3409 confuderunt,
897 3317 1060 3392 similiter
1080 3318 1134 3391 illi
1162 3324 1350 3419 quoquest

268 3424 301 3495 h
331 3421 428 3512 idem
456 3432 494 3492 et
520 3445 706 3494 summum
734 3423 856 3496 fecisse
885 3423 1056 3499 videntur
1079 3436 1232 3498 naturae
1256 3427 1351 3526 prin·

271 3527 432 3625 cipium,
466 3539 503 3598 et
541 3526 763 3602 adulterum
789 3528 954 3603 retulisse
976 3555 1100 3604 rerum
1121 3555 1233 3630 genus
1258 3529 1351 3631 quod

272 3644 444 3732 tanquam
467 3641 556 3730 πέρας
581 3635 624 3728 τῷ
645 3647 757 3733 ἀπείρῳ
779 3648 872 3710 esset
900 3637 1103 3736 oppositum
1125 3635 1162 3710 ⁵⁷.
1186 3637 1251 3710 His
1271 3661 1350 3714 vero

263 3833 265 3842 ’
313 3842 376 3920 (56)
397 3843 502 3906 Phileb.
527 3867 556 3928 p.
584 3843 620 3906 16
642 3847 675 3906 C.

313 3931 376 4013 (57)
395 3933 520 4014 Longum
541 3936 615 3996 foret
635 3934 703 3995 haec
720 3949 843 3996 veterum
858 3937 1024 3999 testimoniis
1043 3938 1200 4022 explicare3
1221 3937 1346 4000 consula-

277 4027 324 4077 tur
343 4032 434 4080 autem
453 4024 545 4084 Ritter
562 4025 662 4085 Gesch.
684 4022 714 4084 d.
735 4026 852 4108 Pythag.
877 4025 980 4088 Philas.
996 4032 1144 4112 praecipue
1163 4050 1192 4111 p·
1218 4027 1276 4108 114
1290 4045 1343 4106 sqq·

278 4120 306 4169 et
325 4128 393 4187 quos
413 4110 459 4172 hio
476 4113 571 4174 laudat
592 4127 727 4176 auctores.
