<?xml version="1.0" encoding="UTF-8"?>
<!DOCTYPE html PUBLIC "-//W3C//DTD XHTML 1.0 Transitional//EN"
    "http://www.w3.org/TR/xhtml1/DTD/xhtml1-transitional.dtd">
<html xmlns="http://www.w3.org/1999/xhtml" xml:lang="en" lang="en">
 <head>
  <title>
</title>
<meta http-equiv="Content-Type" content="text/html;charset=utf-8" />
  <meta name='ocr-system' content='tesseract 3.04.00' />
  <meta name='ocr-capabilities' content='ocr_page ocr_carea ocr_par ocr_line ocrx_word'/>
</head>
<body>
  <div class='ocr_page' id='page_1' title='image "./xenophaniscolop01karsgoog_0207.png"; bbox 0 0 2842 4884; ppageno 0'>
   <div class='ocr_carea' id='block_1_1' title="bbox 412 388 1129 471">
    <p class='ocr_par' dir='ltr' id='par_1_1' title="bbox 412 388 1129 471">
     <span class='ocr_line' id='line_1_1' title="bbox 412 388 1129 471; baseline 0.003 -22"><span class='ocrx_word' id='word_1_1' title='bbox 412 452 422 471; x_wconf 62' lang='lat'>‚</span> <span class='ocrx_word' id='word_1_2' title='bbox 536 406 747 449; x_wconf 76' lang='lat' dir='ltr'><strong>rutsosornu.</strong></span> <span class='ocrx_word' id='word_1_3' title='bbox 1066 388 1129 455; x_wconf 81' lang='lat'><strong>173</strong></span> 
     </span>
    </p>
   </div>
   <div class='ocr_carea' id='block_1_2' title="bbox 33 552 1149 2460">
    <p class='ocr_par' dir='ltr' id='par_1_2' title="bbox 33 552 1149 2460">
     <span class='ocr_line' id='line_1_2' title="bbox 54 552 1127 654; baseline 0.005 -27"><span class='ocrx_word' id='word_1_4' title='bbox 54 555 207 653; x_wconf 90' lang='lat' dir='ltr'><strong>quidem</strong></span> <span class='ocrx_word' id='word_1_5' title='bbox 226 555 379 654; x_wconf 90' lang='lat' dir='ltr'><strong>plurima</strong></span> <span class='ocrx_word' id='word_1_6' title='bbox 404 556 442 626; x_wconf 93' lang='lat' dir='ltr'><strong>in</strong></span> <span class='ocrx_word' id='word_1_7' title='bbox 461 578 585 627; x_wconf 87' lang='lat' dir='ltr'><strong>rerum</strong></span> <span class='ocrx_word' id='word_1_8' title='bbox 612 565 741 625; x_wconf 88' lang='lat' dir='ltr'><strong>natura</strong></span> <span class='ocrx_word' id='word_1_9' title='bbox 766 554 844 626; x_wconf 88' lang='lat' dir='ltr'><strong>fieri</strong></span> <span class='ocrx_word' id='word_1_10' title='bbox 866 552 988 629; x_wconf 74' lang='lat' dir='ltr'><strong>caloris</strong></span> <span class='ocrx_word' id='word_1_11' title='bbox 1011 569 1046 631; x_wconf 91' lang='lat' dir='ltr'><strong>et</strong></span> <span class='ocrx_word' id='word_1_12' title='bbox 1059 558 1127 631; x_wconf 92' lang='lat' dir='ltr'><strong>hu-</strong></span> 
     </span>
     <span class='ocr_line' id='line_1_3' title="bbox 52 659 1128 760; baseline 0.006 -28"><span class='ocrx_word' id='word_1_13' title='bbox 52 665 161 735; x_wconf 90' lang='lat' dir='ltr'><strong>moris</strong></span> <span class='ocrx_word' id='word_1_14' title='bbox 201 662 427 735; x_wconf 82' lang='lat' dir='ltr'><strong>exhalatione</strong></span> <span class='ocrx_word' id='word_1_15' title='bbox 455 661 589 733; x_wconf 81' lang='lat' dir='ltr'><strong>statuit.</strong></span> <span class='ocrx_word' id='word_1_16' title='bbox 628 659 774 731; x_wconf 87' lang='lat' dir='ltr'><strong>Accedit</strong></span> <span class='ocrx_word' id='word_1_17' title='bbox 802 661 967 760; x_wconf 84' lang='lat' dir='ltr'>Diogenis</span> <span class='ocrx_word' id='word_1_18' title='bbox 999 665 1128 739; x_wconf 72' lang='lat' dir='ltr'><strong>Laiirtii</strong></span> 
     </span>
     <span class='ocr_line' id='line_1_4' title="bbox 53 760 1130 865; baseline 0.006 -27"><span class='ocrx_word' id='word_1_19' title='bbox 53 770 306 841; x_wconf 85' lang='lat' dir='ltr'><strong>testimonium</strong></span> <span class='ocrx_word' id='word_1_20' title='bbox 335 780 357 819; x_wconf 82' lang='lat'><strong>⁷⁷</strong></span> <span class='ocrx_word' id='word_1_21' title='bbox 387 795 395 838; x_wconf 91' lang='lat'>:</span> <span class='ocrx_word' id='word_1_22' title='bbox 419 776 456 838; x_wconf 81' lang='grc' dir='ltr'><strong>τὰ</strong></span> <span class='ocrx_word' id='word_1_23' title='bbox 484 777 550 864; x_wconf 79' lang='grc' dir='ltr'><em>νέφη</em></span> <span class='ocrx_word' id='word_1_24' title='bbox 575 773 754 849; x_wconf 73' lang='grc' dir='ltr'><em>σννίςαοὲιαι</em></span> <span class='ocrx_word' id='word_1_25' title='bbox 779 760 825 864; x_wconf 75' lang='grc' dir='ltr'><strong>ὑφ’</strong></span> <span class='ocrx_word' id='word_1_26' title='bbox 852 773 950 857; x_wconf 79' lang='grc' dir='ltr'><em>ἡλίου,</em></span> <span class='ocrx_word' id='word_1_27' title='bbox 973 790 1022 855; x_wconf 75' lang='grc' dir='ltr'><strong>τῆς</strong></span> <span class='ocrx_word' id='word_1_28' title='bbox 1045 784 1130 865; x_wconf 83' lang='grc' dir='ltr'><em>ἀτμί-</em></span> 
     </span>
     <span class='ocr_line' id='line_1_5' title="bbox 52 876 1129 973; baseline 0.005 -30"><span class='ocrx_word' id='word_1_29' title='bbox 52 877 94 951; x_wconf 82' lang='grc' dir='ltr'><strong>δος</strong></span> <span class='ocrx_word' id='word_1_30' title='bbox 129 882 345 973; x_wconf 79' lang='grc' dir='ltr'><em>ἀναφερομένης</em></span> <span class='ocrx_word' id='word_1_31' title='bbox 377 881 427 942; x_wconf 87' lang='grc' dir='ltr'><strong><em>καί</em></strong></span> <span class='ocrx_word' id='word_1_32' title='bbox 465 878 595 969; x_wconf 78' lang='grc' dir='ltr'><em>αἰροὺοης</em></span> <span class='ocrx_word' id='word_1_33' title='bbox 625 878 699 941; x_wconf 80' lang='grc' dir='ltr'><em>αὐτοὶ</em></span> <span class='ocrx_word' id='word_1_34' title='bbox 730 876 768 950; x_wconf 81' lang='grc' dir='ltr'><strong>εἴς</strong></span> <span class='ocrx_word' id='word_1_35' title='bbox 800 880 830 943; x_wconf 84' lang='grc' dir='ltr'><strong>τὸ</strong></span> <span class='ocrx_word' id='word_1_36' title='bbox 857 887 998 971; x_wconf 85' lang='grc' dir='ltr'><em>περιέχον.</em></span> <span class='ocrx_word' id='word_1_37' title='bbox 1029 879 1065 951; x_wconf 92' lang='lat' dir='ltr'><strong>h.</strong></span> <span class='ocrx_word' id='word_1_38' title='bbox 1096 908 1129 955; x_wconf 89' lang='lat' dir='ltr'><strong>e.</strong></span> 
     </span>
     <span class='ocr_line' id='line_1_6' title="bbox 53 980 1129 1076; baseline 0.007 -28"><span class='ocrx_word' id='word_1_39' title='bbox 53 981 163 1051; x_wconf 80' lang='lat' dir='ltr'><strong>nubes</strong></span> <span class='ocrx_word' id='word_1_40' title='bbox 190 982 282 1076; x_wconf 84' lang='lat' dir='ltr'><strong>effici</strong></span> <span class='ocrx_word' id='word_1_41' title='bbox 308 1005 328 1048; x_wconf 88' lang='lat' dir='ltr'><strong>a</strong></span> <span class='ocrx_word' id='word_1_42' title='bbox 353 987 420 1051; x_wconf 85' lang='lat' dir='ltr'><strong>sole</strong></span> <span class='ocrx_word' id='word_1_43' title='bbox 445 980 575 1050; x_wconf 79' lang='lat' dir='ltr'><strong>eductis</strong></span> <span class='ocrx_word' id='word_1_44' title='bbox 600 981 803 1073; x_wconf 77' lang='lat' dir='ltr'><strong>vaporibus,</strong></span> <span class='ocrx_word' id='word_1_45' title='bbox 830 989 893 1074; x_wconf 82' lang='lat' dir='ltr'><strong>qui</strong></span> <span class='ocrx_word' id='word_1_46' title='bbox 914 1009 973 1053; x_wconf 81' lang='grc' dir='ltr'><strong>οαι</strong></span> <span class='ocrx_word' id='word_1_47' title='bbox 996 992 1035 1057; x_wconf 82' lang='lat' dir='ltr'><strong>in</strong></span> <span class='ocrx_word' id='word_1_48' title='bbox 1058 1014 1129 1061; x_wconf 82' lang='lat' dir='ltr'><strong>coa·</strong></span> 
     </span>
     <span class='ocr_line' id='line_1_7' title="bbox 55 1084 1131 1182; baseline 0.014 -29"><span class='ocrx_word' id='word_1_49' title='bbox 55 1090 122 1155; x_wconf 83' lang='lat' dir='ltr'><strong>lum</strong></span> <span class='ocrx_word' id='word_1_50' title='bbox 150 1098 291 1180; x_wconf 72' lang='lat' dir='ltr'><strong>coquat.</strong></span> <span class='ocrx_word' id='word_1_51' title='bbox 320 1086 446 1182; x_wconf 89' lang='lat' dir='ltr'><strong>Itaque</strong></span> <span class='ocrx_word' id='word_1_52' title='bbox 474 1086 555 1155; x_wconf 85' lang='lat' dir='ltr'><strong>satis</strong></span> <span class='ocrx_word' id='word_1_53' title='bbox 584 1085 731 1180; x_wconf 88' lang='lat' dir='ltr'><strong>probata</strong></span> <span class='ocrx_word' id='word_1_54' title='bbox 759 1084 846 1155; x_wconf 91' lang='lat' dir='ltr'><strong>mihi</strong></span> <span class='ocrx_word' id='word_1_55' title='bbox 875 1087 1017 1161; x_wconf 81' lang='lat' dir='ltr'><strong>videtur</strong></span> <span class='ocrx_word' id='word_1_56' title='bbox 1044 1093 1131 1169; x_wconf 87' lang='lat' dir='ltr'><strong>haec</strong></span> 
     </span>
     <span class='ocr_line' id='line_1_8' title="bbox 54 1191 1132 1289; baseline 0.01 -29"><span class='ocrx_word' id='word_1_57' title='bbox 54 1194 261 1285; x_wconf 83' lang='lat' dir='ltr'><strong>sententia3</strong></span> <span class='ocrx_word' id='word_1_58' title='bbox 288 1217 410 1289; x_wconf 85' lang='lat' dir='ltr'><strong>neque</strong></span> <span class='ocrx_word' id='word_1_59' title='bbox 436 1202 635 1263; x_wconf 89' lang='lat' dir='ltr'><strong>ceterorum</strong></span> <span class='ocrx_word' id='word_1_60' title='bbox 659 1192 871 1288; x_wconf 91' lang='lat' dir='ltr'><strong>scriptorum</strong></span> <span class='ocrx_word' id='word_1_61' title='bbox 896 1191 1036 1266; x_wconf 88' lang='lat' dir='ltr'><strong>silentio</strong></span> <span class='ocrx_word' id='word_1_62' title='bbox 1052 1201 1132 1272; x_wconf 92' lang='lat' dir='ltr'><strong>Sto-</strong></span> 
     </span>
     <span class='ocr_line' id='line_1_9' title="bbox 54 1295 1132 1404; baseline 0.006 -36"><span class='ocrx_word' id='word_1_63' title='bbox 54 1295 134 1370; x_wconf 90' lang='lat' dir='ltr'><strong>haei</strong></span> <span class='ocrx_word' id='word_1_64' title='bbox 147 1312 187 1371; x_wconf 90' lang='lat' dir='ltr'><strong>et</strong></span> <span class='ocrx_word' id='word_1_65' title='bbox 201 1300 366 1397; x_wconf 85' lang='lat' dir='ltr'>Diogenis</span> <span class='ocrx_word' id='word_1_66' title='bbox 381 1300 568 1371; x_wconf 80' lang='lat' dir='ltr'><strong>auctoritas</strong></span> <span class='ocrx_word' id='word_1_67' title='bbox 580 1295 741 1371; x_wconf 89' lang='lat' dir='ltr'><strong>elevatur</strong></span> <span class='ocrx_word' id='word_1_68' title='bbox 764 1324 772 1368; x_wconf 77' lang='grc' dir='ltr'>ε</span> <span class='ocrx_word' id='word_1_69' title='bbox 787 1299 904 1394; x_wconf 90' lang='lat' dir='ltr'><strong>potius</strong></span> <span class='ocrx_word' id='word_1_70' title='bbox 920 1299 1004 1372; x_wconf 88' lang='lat' dir='ltr'><strong>inde</strong></span> <span class='ocrx_word' id='word_1_71' title='bbox 1016 1304 1132 1404; x_wconf 84' lang='lat' dir='ltr'>colligi</span> 
     </span>
     <span class='ocr_line' id='line_1_10' title="bbox 55 1404 1132 1501; baseline 0.007 -26"><span class='ocrx_word' id='word_1_72' title='bbox 55 1418 188 1500; x_wconf 88' lang='lat' dir='ltr'><strong>potest,</strong></span> <span class='ocrx_word' id='word_1_73' title='bbox 217 1408 418 1479; x_wconf 85' lang='lat' dir='ltr'><strong>communia</strong></span> <span class='ocrx_word' id='word_1_74' title='bbox 442 1404 651 1501; x_wconf 82' lang='lat' dir='ltr'><strong>Xenophani</strong></span> <span class='ocrx_word' id='word_1_75' title='bbox 663 1404 751 1475; x_wconf 89' lang='lat' dir='ltr'><strong>haec</strong></span> <span class='ocrx_word' id='word_1_76' title='bbox 773 1404 901 1500; x_wconf 90' lang='lat' dir='ltr'><strong>placita</strong></span> <span class='ocrx_word' id='word_1_77' title='bbox 928 1407 1132 1483; x_wconf 85' lang='lat' dir='ltr'><strong>fuissecum</strong></span> 
     </span>
     <span class='ocr_line' id='line_1_11' title="bbox 55 1510 1133 1610; baseline 0.008 -29"><span class='ocrx_word' id='word_1_78' title='bbox 55 1510 130 1583; x_wconf 90' lang='lat' dir='ltr'><strong>aliis</strong></span> <span class='ocrx_word' id='word_1_79' title='bbox 156 1525 325 1587; x_wconf 86' lang='lat' dir='ltr'><strong>veterum</strong></span> <span class='ocrx_word' id='word_1_80' title='bbox 350 1513 520 1610; x_wconf 88' lang='lat' dir='ltr'><strong>aquibus</strong></span> <span class='ocrx_word' id='word_1_81' title='bbox 540 1513 664 1585; x_wconf 89' lang='lat' dir='ltr'><strong>eadem</strong></span> <span class='ocrx_word' id='word_1_82' title='bbox 687 1510 746 1585; x_wconf 89' lang='lat' dir='ltr'><strong>vel</strong></span> <span class='ocrx_word' id='word_1_83' title='bbox 760 1512 907 1585; x_wconf 87' lang='lat' dir='ltr'><strong>inventa</strong></span> <span class='ocrx_word' id='word_1_84' title='bbox 931 1529 1046 1587; x_wconf 89' lang='lat' dir='ltr'><strong>essent</strong></span> <span class='ocrx_word' id='word_1_85' title='bbox 1075 1516 1133 1590; x_wconf 90' lang='lat' dir='ltr'><strong>vel</strong></span> 
     </span>
     <span class='ocr_line' id='line_1_12' title="bbox 55 1617 1133 1719; baseline 0.008 -31"><span class='ocrx_word' id='word_1_86' title='bbox 55 1617 270 1717; x_wconf 86' lang='lat' dir='ltr'><strong>diligentius</strong></span> <span class='ocrx_word' id='word_1_87' title='bbox 295 1618 470 1716; x_wconf 89' lang='lat' dir='ltr'><strong>explicita.</strong></span> <span class='ocrx_word' id='word_1_88' title='bbox 511 1619 655 1689; x_wconf 81' lang='lat' dir='ltr'>Etenim</span> <span class='ocrx_word' id='word_1_89' title='bbox 698 1620 859 1715; x_wconf 82' lang='lat' dir='ltr'><strong>quamvis</strong></span> <span class='ocrx_word' id='word_1_90' title='bbox 895 1620 1133 1719; x_wconf 84' lang='lat' dir='ltr'><strong>Xenophanes</strong></span> 
     </span>
     <span class='ocr_line' id='line_1_13' title="bbox 55 1723 1133 1823; baseline 0.008 -31"><span class='ocrx_word' id='word_1_91' title='bbox 55 1748 126 1795; x_wconf 94' lang='lat' dir='ltr'><strong>non</strong></span> <span class='ocrx_word' id='word_1_92' title='bbox 160 1726 405 1814; x_wconf 89' lang='lat' dir='ltr'><strong>nominetur,</strong></span> <span class='ocrx_word' id='word_1_93' title='bbox 435 1726 509 1819; x_wconf 92' lang='lat' dir='ltr'><strong>ipsa</strong></span> <span class='ocrx_word' id='word_1_94' title='bbox 538 1736 656 1795; x_wconf 89' lang='lat' dir='ltr'><strong>tamen</strong></span> <span class='ocrx_word' id='word_1_95' title='bbox 685 1723 773 1795; x_wconf 91' lang='lat' dir='ltr'><strong>haec</strong></span> <span class='ocrx_word' id='word_1_96' title='bbox 797 1723 924 1821; x_wconf 89' lang='lat' dir='ltr'><strong>placita</strong></span> <span class='ocrx_word' id='word_1_97' title='bbox 950 1725 1036 1798; x_wconf 90' lang='lat' dir='ltr'><strong>olim</strong></span> <span class='ocrx_word' id='word_1_98' title='bbox 1058 1732 1133 1823; x_wconf 81' lang='lat' dir='ltr'><strong>jans</strong></span> 
     </span>
     <span class='ocr_line' id='line_1_14' title="bbox 56 1828 1141 1928; baseline 0.009 -30"><span class='ocrx_word' id='word_1_99' title='bbox 56 1829 153 1902; x_wconf 87' lang='lat' dir='ltr'><strong>inter</strong></span> <span class='ocrx_word' id='word_1_100' title='bbox 186 1828 306 1900; x_wconf 91' lang='lat' dir='ltr'><strong>doctos</strong></span> <span class='ocrx_word' id='word_1_101' title='bbox 336 1830 528 1901; x_wconf 83' lang='lat' dir='ltr'><strong>innotuisse</strong></span> <span class='ocrx_word' id='word_1_102' title='bbox 549 1841 692 1901; x_wconf 87' lang='lat' dir='ltr'><strong>constat.</strong></span> <span class='ocrx_word' id='word_1_103' title='bbox 721 1829 903 1921; x_wconf 90' lang='lat' dir='ltr'><strong>Primum,</strong></span> <span class='ocrx_word' id='word_1_104' title='bbox 929 1834 1025 1928; x_wconf 91' lang='lat' dir='ltr'><strong>quod</strong></span> <span class='ocrx_word' id='word_1_105' title='bbox 1061 1836 1141 1907; x_wconf 89' lang='lat' dir='ltr'><strong>hu-·</strong></span> 
     </span>
     <span class='ocr_line' id='line_1_15' title="bbox 56 1934 1134 2035; baseline 0.008 -29"><span class='ocrx_word' id='word_1_106' title='bbox 56 1960 176 2007; x_wconf 89' lang='lat' dir='ltr'><strong>mores</strong></span> <span class='ocrx_word' id='word_1_107' title='bbox 195 1960 216 2005; x_wconf 90' lang='lat' dir='ltr'><strong>e</strong></span> <span class='ocrx_word' id='word_1_108' title='bbox 242 1938 329 2006; x_wconf 86' lang='lat' dir='ltr'><strong>mari</strong></span> <span class='ocrx_word' id='word_1_109' title='bbox 349 1962 491 2007; x_wconf 88' lang='lat' dir='ltr'><strong>sursum</strong></span> <span class='ocrx_word' id='word_1_110' title='bbox 515 1935 669 2008; x_wconf 87' lang='lat' dir='ltr'><strong>sublatos</strong></span> <span class='ocrx_word' id='word_1_111' title='bbox 692 1934 814 2008; x_wconf 85' lang='lat' dir='ltr'><strong>dulces</strong></span> <span class='ocrx_word' id='word_1_112' title='bbox 831 1961 904 2009; x_wconf 90' lang='lat' dir='ltr'><strong>esse</strong></span> <span class='ocrx_word' id='word_1_113' title='bbox 917 1952 1062 2035; x_wconf 88' lang='lat' dir='ltr'><strong>propter</strong></span> <span class='ocrx_word' id='word_1_114' title='bbox 1081 1955 1134 2015; x_wconf 89' lang='lat' dir='ltr'><strong>te-</strong></span> 
     </span>
     <span class='ocr_line' id='line_1_16' title="bbox 58 2042 1137 2143; baseline 0.006 -30"><span class='ocrx_word' id='word_1_115' title='bbox 58 2045 242 2114; x_wconf 88' lang='lat' dir='ltr'><strong>nuitatem</strong></span> <span class='ocrx_word' id='word_1_116' title='bbox 271 2042 384 2134; x_wconf 86' lang='lat' dir='ltr'><strong>dixit,</strong></span> <span class='ocrx_word' id='word_1_117' title='bbox 411 2043 507 2115; x_wconf 91' lang='lat' dir='ltr'><strong>idem</strong></span> <span class='ocrx_word' id='word_1_118' title='bbox 539 2069 613 2114; x_wconf 92' lang='lat' dir='ltr'><strong>non</strong></span> <span class='ocrx_word' id='word_1_119' title='bbox 639 2042 744 2114; x_wconf 90' lang='lat' dir='ltr'><strong>modo</strong></span> <span class='ocrx_word' id='word_1_120' title='bbox 776 2055 894 2139; x_wconf 87' lang='lat' dir='ltr'><strong>postea</strong></span> <span class='ocrx_word' id='word_1_121' title='bbox 927 2044 1137 2143; x_wconf 71' lang='lat' dir='ltr'><strong>Aristoteli,</strong></span> 
     </span>
     <span class='ocr_line' id='line_1_17' title="bbox 33 2136 1149 2251; baseline 0.011 -33"><span class='ocrx_word' id='word_1_122' title='bbox 33 2187 38 2199; x_wconf 77' lang='lat'>=</span> <span class='ocrx_word' id='word_1_123' title='bbox 60 2150 117 2221; x_wconf 89' lang='lat' dir='ltr'><strong>sed</strong></span> <span class='ocrx_word' id='word_1_124' title='bbox 132 2148 288 2247; x_wconf 85' lang='lat' dir='ltr'><strong>Diogeni</strong></span> <span class='ocrx_word' id='word_1_125' title='bbox 305 2150 412 2223; x_wconf 89' lang='lat' dir='ltr'><strong>etiam</strong></span> <span class='ocrx_word' id='word_1_126' title='bbox 422 2148 691 2246; x_wconf 84' lang='lat' dir='ltr'><strong>Apolloniatae,</strong></span> <span class='ocrx_word' id='word_1_127' title='bbox 713 2151 777 2248; x_wconf 93' lang='lat' dir='ltr'><strong>qui</strong></span> <span class='ocrx_word' id='word_1_128' title='bbox 791 2162 906 2223; x_wconf 86' lang='lat' dir='ltr'><strong>aetate</strong></span> <span class='ocrx_word' id='word_1_129' title='bbox 917 2136 1149 2251; x_wconf 64' lang='lat' dir='ltr'><strong>Xenophani⁸</strong></span> 
     </span>
     <span class='ocr_line' id='line_1_18' title="bbox 35 2253 1133 2355; baseline 0.01 -32"><span class='ocrx_word' id='word_1_130' title='bbox 35 2254 38 2259; x_wconf 77' lang='grc'><strong>’</strong></span> <span class='ocrx_word' id='word_1_131' title='bbox 60 2255 246 2349; x_wconf 89' lang='lat' dir='ltr'><strong>proximus</strong></span> <span class='ocrx_word' id='word_1_132' title='bbox 285 2268 381 2344; x_wconf 90' lang='lat' dir='ltr'><strong>erat,</strong></span> <span class='ocrx_word' id='word_1_133' title='bbox 409 2253 601 2353; x_wconf 87' lang='lat' dir='ltr'><strong>placuisse,</strong></span> <span class='ocrx_word' id='word_1_134' title='bbox 637 2256 880 2353; x_wconf 85' lang='lat' dir='ltr'><strong>Theophrasti,</strong></span> <span class='ocrx_word' id='word_1_135' title='bbox 906 2270 950 2329; x_wconf 93' lang='lat' dir='ltr'><strong>ut</strong></span> <span class='ocrx_word' id='word_1_136' title='bbox 976 2261 1133 2355; x_wconf 86' lang='lat' dir='ltr'><strong>videtur,</strong></span> 
     </span>
     <span class='ocr_line' id='line_1_19' title="bbox 63 2361 1136 2460; baseline 0.012 -30"><span class='ocrx_word' id='word_1_137' title='bbox 63 2362 264 2432; x_wconf 89' lang='lat' dir='ltr'><strong>testimonio</strong></span> <span class='ocrx_word' id='word_1_138' title='bbox 295 2362 410 2458; x_wconf 82' lang='lat' dir='ltr'><strong>prodit</strong></span> <span class='ocrx_word' id='word_1_139' title='bbox 439 2361 642 2435; x_wconf 82' lang='lat' dir='ltr'><strong>Alexander</strong></span> <span class='ocrx_word' id='word_1_140' title='bbox 666 2364 905 2460; x_wconf 88' lang='lat' dir='ltr'><strong>Aphrodisius.</strong></span> <span class='ocrx_word' id='word_1_141' title='bbox 941 2365 1136 2444; x_wconf 86' lang='lat' dir='ltr'><strong>Aristotelis</strong></span> 
     </span>
    </p>
   </div>
   <div class='ocr_carea' id='block_1_3' title="bbox 62 2462 1135 3096">
    <p class='ocr_par' dir='ltr' id='par_1_3' title="bbox 62 2462 1135 2991">
     <span class='ocr_line' id='line_1_20' title="bbox 62 2462 1135 2568; baseline 0.011 -35"><span class='ocrx_word' id='word_1_142' title='bbox 62 2462 147 2539; x_wconf 89' lang='lat' dir='ltr'><strong>haec</strong></span> <span class='ocrx_word' id='word_1_143' title='bbox 171 2480 260 2539; x_wconf 86' lang='lat' dir='ltr'><strong>sunt</strong></span> <span class='ocrx_word' id='word_1_144' title='bbox 286 2466 310 2516; x_wconf 79' lang='lat'><strong>⁷⁸</strong></span> <span class='ocrx_word' id='word_1_145' title='bbox 339 2494 347 2536; x_wconf 90' lang='lat'>:</span> <span class='ocrx_word' id='word_1_146' title='bbox 377 2494 397 2537; x_wconf 84' lang='lat' dir='ltr'><strong>a</strong></span> <span class='ocrx_word' id='word_1_147' title='bbox 418 2466 511 2559; x_wconf 89' lang='lat' dir='ltr'><strong>sole,</strong></span> <span class='ocrx_word' id='word_1_148' title='bbox 534 2469 676 2563; x_wconf 88' lang='lat' dir='ltr'><strong>inquit,</strong></span> <span class='ocrx_word' id='word_1_149' title='bbox 701 2472 766 2565; x_wconf 93' lang='lat' dir='ltr'><strong>qui</strong></span> <span class='ocrx_word' id='word_1_150' title='bbox 781 2482 833 2542; x_wconf 87' lang='lat' dir='ltr'><strong>est</strong></span> <span class='ocrx_word' id='word_1_151' title='bbox 858 2484 1006 2543; x_wconf 90' lang='lat' dir='ltr'><strong>naturae</strong></span> <span class='ocrx_word' id='word_1_152' title='bbox 1033 2477 1135 2568; x_wconf 90' lang='lat' dir='ltr'><strong>prin-</strong></span> 
     </span>
     <span class='ocr_line' id='line_1_21' title="bbox 64 2571 1133 2670; baseline 0.005 -29"><span class='ocrx_word' id='word_1_153' title='bbox 64 2597 158 2670; x_wconf 82' lang='lat' dir='ltr'><strong>ceps,</strong></span> <span class='ocrx_word' id='word_1_154' title='bbox 178 2580 209 2643; x_wconf 84' lang='grc' dir='ltr'><strong>τὸ</strong></span> <span class='ocrx_word' id='word_1_155' title='bbox 238 2579 407 2644; x_wconf 84' lang='grc' dir='ltr'><em>λεπτότατόν</em></span> <span class='ocrx_word' id='word_1_156' title='bbox 439 2601 470 2641; x_wconf 90' lang='grc' dir='ltr'><strong>τε</strong></span> <span class='ocrx_word' id='word_1_157' title='bbox 497 2582 547 2643; x_wconf 79' lang='grc' dir='ltr'><strong>καὶ</strong></span> <span class='ocrx_word' id='word_1_158' title='bbox 566 2578 738 2667; x_wconf 66' lang='grc' dir='ltr'><em>γλυκύτατον</em></span> <span class='ocrx_word' id='word_1_159' title='bbox 764 2586 900 2666; x_wconf 80' lang='grc' dir='ltr'><em>ἀνάγεται</em></span> <span class='ocrx_word' id='word_1_160' title='bbox 926 2571 1000 2645; x_wconf 66' lang='grc' dir='ltr'><strong>καθ’</strong></span> <span class='ocrx_word' id='word_1_161' title='bbox 1025 2587 1133 2661; x_wconf 79' lang='grc' dir='ltr'><em>ἑκάς-ην</em></span> 
     </span>
     <span class='ocr_line' id='line_1_22' title="bbox 65 2683 1133 2778; baseline 0.004 -31"><span class='ocrx_word' id='word_1_162' title='bbox 65 2688 202 2775; x_wconf 77' lang='grc' dir='ltr'><em>ἡμέραν,</em></span> <span class='ocrx_word' id='word_1_163' title='bbox 233 2687 282 2750; x_wconf 82' lang='grc' dir='ltr'><strong>καὶ</strong></span> <span class='ocrx_word' id='word_1_164' title='bbox 311 2690 424 2778; x_wconf 79' lang='grc' dir='ltr'><em>ρέρεται</em></span> <span class='ocrx_word' id='word_1_165' title='bbox 454 2683 661 2775; x_wconf 77' lang='grc' dir='ltr'><em>διακρινόμενον</em></span> <span class='ocrx_word' id='word_1_166' title='bbox 692 2685 743 2748; x_wconf 79' lang='grc' dir='ltr'><strong>καὶ</strong></span> <span class='ocrx_word' id='word_1_167' title='bbox 760 2688 886 2771; x_wconf 81' lang='grc' dir='ltr'><em>·οἰτμι’ζον</em></span> <span class='ocrx_word' id='word_1_168' title='bbox 919 2690 958 2758; x_wconf 85' lang='grc' dir='ltr'><strong>εἰς</strong></span> <span class='ocrx_word' id='word_1_169' title='bbox 992 2687 1037 2750; x_wconf 80' lang='grc' dir='ltr'><strong>τὸν</strong></span> <span class='ocrx_word' id='word_1_170' title='bbox 1072 2683 1133 2751; x_wconf 76' lang='grc' dir='ltr'><em>οἶνοι</em></span> 
     </span>
     <span class='ocr_line' id='line_1_23' title="bbox 66 2788 1133 2885; baseline 0.005 -33"><span class='ocrx_word' id='word_1_171' title='bbox 66 2793 158 2854; x_wconf 81' lang='grc' dir='ltr'><em>τόπον·</em></span> <span class='ocrx_word' id='word_1_172' title='bbox 194 2795 258 2857; x_wconf 83' lang='grc' dir='ltr'><em>ἐκεῖ</em></span> <span class='ocrx_word' id='word_1_173' title='bbox 282 2789 313 2857; x_wconf 78' lang='grc' dir='ltr'><strong>δὲ</strong></span> <span class='ocrx_word' id='word_1_174' title='bbox 346 2790 431 2859; x_wconf 81' lang='grc' dir='ltr'><em>πάλιν</em></span> <span class='ocrx_word' id='word_1_175' title='bbox 465 2793 554 2870; x_wconf 80' lang='grc' dir='ltr'><em>σνςοὶν</em></span> <span class='ocrx_word' id='word_1_176' title='bbox 588 2788 635 2855; x_wconf 77' lang='grc' dir='ltr'><strong>διὰ</strong></span> <span class='ocrx_word' id='word_1_177' title='bbox 671 2793 721 2867; x_wconf 77' lang='grc' dir='ltr'><strong>τὴν</strong></span> <span class='ocrx_word' id='word_1_178' title='bbox 755 2788 860 2878; x_wconf 80' lang='grc' dir='ltr'><em>ψύξιν,</em></span> <span class='ocrx_word' id='word_1_179' title='bbox 903 2798 982 2856; x_wconf 80' lang='grc' dir='ltr'><strong><em>κάτω</em></strong></span> <span class='ocrx_word' id='word_1_180' title='bbox 1018 2795 1133 2885; x_wconf 74' lang='grc' dir='ltr'><em>φέρεται</em></span> 
     </span>
     <span class='ocr_line' id='line_1_24' title="bbox 68 2896 385 2991; baseline 0.013 -31"><span class='ocrx_word' id='word_1_181' title='bbox 68 2896 147 2962; x_wconf 80' lang='grc' dir='ltr'><em>πάλιν</em></span> <span class='ocrx_word' id='word_1_182' title='bbox 160 2899 231 2991; x_wconf 80' lang='grc' dir='ltr'><em>πρὸς</em></span> <span class='ocrx_word' id='word_1_183' title='bbox 258 2904 308 2977; x_wconf 81' lang='grc' dir='ltr'><strong>τὴν</strong></span> <span class='ocrx_word' id='word_1_184' title='bbox 320 2913 385 2989; x_wconf 73' lang='grc' dir='ltr'><strong>γῆν.</strong></span> 
     </span>
    </p>

    <p class='ocr_par' dir='ltr' id='par_1_4' title="bbox 69 2992 1133 3096">
     <span class='ocr_line' id='line_1_25' title="bbox 69 2992 1133 3096; baseline -0.003 -24"><span class='ocrx_word' id='word_1_185' title='bbox 69 3001 76 3012; x_wconf 84' lang='grc'><strong>’</strong></span> <span class='ocrx_word' id='word_1_186' title='bbox 112 2998 318 3073; x_wconf 83' lang='lat' dir='ltr'><strong>Alexander</strong></span> <span class='ocrx_word' id='word_1_187' title='bbox 345 3008 369 3049; x_wconf 82' lang='lat'><strong>⁷⁹</strong></span> <span class='ocrx_word' id='word_1_188' title='bbox 398 2998 462 3075; x_wconf 86' lang='lat' dir='ltr'><strong>uhi</strong></span> <span class='ocrx_word' id='word_1_189' title='bbox 488 2997 652 3096; x_wconf 84' lang='lat' dir='ltr'><strong>Diogenis</strong></span> <span class='ocrx_word' id='word_1_190' title='bbox 681 2995 885 3094; x_wconf 90' lang='lat' dir='ltr'><strong>opinionem</strong></span> <span class='ocrx_word' id='word_1_191' title='bbox 915 2992 961 3065; x_wconf 91' lang='lat' dir='ltr'><strong>de</strong></span> <span class='ocrx_word' id='word_1_192' title='bbox 992 2994 1081 3067; x_wconf 90' lang='lat' dir='ltr'><strong>mari</strong></span> <span class='ocrx_word' id='word_1_193' title='bbox 1112 3020 1133 3069; x_wconf 88' lang='lat' dir='ltr'><strong>e</strong></span> 
     </span>
    </p>
   </div>
   <div class='ocr_carea' id='block_1_4' title="bbox 73 3276 1136 3905">
    <p class='ocr_par' dir='ltr' id='par_1_5' title="bbox 73 3276 1136 3905">
     <span class='ocr_line' id='line_1_26' title="bbox 108 3276 1134 3366; baseline -0.005 -21"><span class='ocrx_word' id='word_1_194' title='bbox 108 3282 171 3366; x_wconf 69' lang='grc' dir='ltr'><strong>(ῃ)</strong></span> <span class='ocrx_word' id='word_1_195' title='bbox 191 3285 331 3366; x_wconf 86' lang='lat' dir='ltr'><strong>Diogenes</strong></span> <span class='ocrx_word' id='word_1_196' title='bbox 355 3285 386 3345; x_wconf 88' lang='lat' dir='ltr'><strong>L.</strong></span> <span class='ocrx_word' id='word_1_197' title='bbox 406 3282 466 3359; x_wconf 90' lang='lat' dir='ltr'><strong>IX,</strong></span> <span class='ocrx_word' id='word_1_198' title='bbox 486 3295 553 3343; x_wconf 86' lang='lat' dir='ltr'><strong>sect.</strong></span> <span class='ocrx_word' id='word_1_199' title='bbox 574 3304 628 3364; x_wconf 86' lang='lat'><strong>19,</strong></span> <span class='ocrx_word' id='word_1_200' title='bbox 649 3281 698 3340; x_wconf 92' lang='lat' dir='ltr'><strong>ubi</strong></span> <span class='ocrx_word' id='word_1_201' title='bbox 715 3281 797 3359; x_wconf 81' lang='lat' dir='ltr'><strong>vulgo</strong></span> <span class='ocrx_word' id='word_1_202' title='bbox 817 3279 857 3337; x_wconf 87' lang='lat' dir='ltr'><strong>sic</strong></span> <span class='ocrx_word' id='word_1_203' title='bbox 875 3276 998 3358; x_wconf 83' lang='lat' dir='ltr'><strong>legitur:</strong></span> <span class='ocrx_word' id='word_1_204' title='bbox 1016 3277 1053 3340; x_wconf 77' lang='grc' dir='ltr'><strong>ιιὲ</strong></span> <span class='ocrx_word' id='word_1_205' title='bbox 1071 3280 1134 3360; x_wconf 65' lang='lat' dir='ltr'><strong>sion</strong></span> 
     </span>
     <span class='ocr_line' id='line_1_27' title="bbox 73 3365 1134 3454; baseline 0.001 -26"><span class='ocrx_word' id='word_1_206' title='bbox 73 3381 170 3435; x_wconf 70' lang='grc' dir='ltr'><em>ννιίοτ.</em></span> <span class='ocrx_word' id='word_1_207' title='bbox 187 3384 238 3441; x_wconf 74' lang='grc' dir='ltr'><strong>τοῖς</strong></span> <span class='ocrx_word' id='word_1_208' title='bbox 257 3377 313 3454; x_wconf 69' lang='grc' dir='ltr'><strong>ἐφ’</strong></span> <span class='ocrx_word' id='word_1_209' title='bbox 334 3373 406 3442; x_wconf 60' lang='lat' dir='ltr'><strong>»inico</strong></span> <span class='ocrx_word' id='word_1_210' title='bbox 426 3373 549 3451; x_wconf 68' lang='lat' dir='ltr'><strong>dapidus</strong></span> <span class='ocrx_word' id='word_1_211' title='bbox 571 3376 652 3449; x_wconf 82' lang='grc' dir='ltr'><em>αἰιιφ.</em></span> <span class='ocrx_word' id='word_1_212' title='bbox 678 3369 724 3431; x_wconf 73' lang='lat' dir='ltr'><strong>sal</strong></span> <span class='ocrx_word' id='word_1_213' title='bbox 751 3369 872 3450; x_wconf 76' lang='lat' dir='ltr'><strong>aipur‘rns</strong></span> <span class='ocrx_word' id='word_1_214' title='bbox 892 3365 962 3429; x_wconf 71' lang='grc' dir='ltr'><em>αι’τιῖ</em></span> <span class='ocrx_word' id='word_1_215' title='bbox 983 3370 1004 3427; x_wconf 82' lang='grc' dir='ltr'><strong>ι’.</strong></span> <span class='ocrx_word' id='word_1_216' title='bbox 1029 3398 1057 3430; x_wconf 72' lang='grc' dir='ltr'><strong>ο.</strong></span> <span class='ocrx_word' id='word_1_217' title='bbox 1080 3397 1134 3447; x_wconf 64' lang='grc' dir='ltr'><strong>ππ,</strong></span> 
     </span>
     <span class='ocr_line' id='line_1_28' title="bbox 74 3458 1131 3547; baseline -0.003 -27"><span class='ocrx_word' id='word_1_218' title='bbox 74 3479 138 3538; x_wconf 87' lang='lat' dir='ltr'><strong>quac</strong></span> <span class='ocrx_word' id='word_1_219' title='bbox 159 3462 323 3545; x_wconf 85' lang='lat' dir='ltr'><strong>corrigenda</strong></span> <span class='ocrx_word' id='word_1_220' title='bbox 342 3466 509 3547; x_wconf 86' lang='lat' dir='ltr'><strong>putavimus.</strong></span> <span class='ocrx_word' id='word_1_221' title='bbox 527 3465 678 3543; x_wconf 85' lang='lat' dir='ltr'><strong>Diogenem</strong></span> <span class='ocrx_word' id='word_1_222' title='bbox 703 3462 848 3541; x_wconf 83' lang='lat' dir='ltr'><strong>exscripsit</strong></span> <span class='ocrx_word' id='word_1_223' title='bbox 866 3458 1019 3540; x_wconf 83' lang='lat' dir='ltr'><strong>Hesychius</strong></span> <span class='ocrx_word' id='word_1_224' title='bbox 1039 3460 1131 3517; x_wconf 83' lang='lat' dir='ltr'><strong>Miles.</strong></span> 
     </span>
     <span class='ocr_line' id='line_1_29' title="bbox 74 3549 1135 3631; baseline -0.007 -15"><span class='ocrx_word' id='word_1_225' title='bbox 74 3571 100 3631; x_wconf 86' lang='lat' dir='ltr'><strong>p·</strong></span> <span class='ocrx_word' id='word_1_226' title='bbox 120 3558 166 3615; x_wconf 81' lang='lat'><strong>31.</strong></span> <span class='ocrx_word' id='word_1_227' title='bbox 188 3558 264 3616; x_wconf 87' lang='lat' dir='ltr'><strong>Haec</strong></span> <span class='ocrx_word' id='word_1_228' title='bbox 283 3569 373 3615; x_wconf 85' lang='lat' dir='ltr'><strong>autem</strong></span> <span class='ocrx_word' id='word_1_229' title='bbox 396 3558 531 3616; x_wconf 87' lang='lat' dir='ltr'><strong>sententia</strong></span> <span class='ocrx_word' id='word_1_230' title='bbox 549 3576 606 3614; x_wconf 92' lang='lat' dir='ltr'><strong>non</strong></span> <span class='ocrx_word' id='word_1_231' title='bbox 626 3566 667 3613; x_wconf 89' lang='lat' dir='ltr'><strong>est</strong></span> <span class='ocrx_word' id='word_1_232' title='bbox 692 3553 831 3611; x_wconf 85' lang='lat' dir='ltr'><strong>contraria</strong></span> <span class='ocrx_word' id='word_1_233' title='bbox 851 3552 1004 3631; x_wconf 90' lang='lat' dir='ltr'><strong>superiori,</strong></span> <span class='ocrx_word' id='word_1_234' title='bbox 1024 3569 1077 3626; x_wconf 84' lang='lat' dir='ltr'><strong>qua</strong></span> <span class='ocrx_word' id='word_1_235' title='bbox 1094 3549 1135 3609; x_wconf 91' lang='lat' dir='ltr'><strong>sol</strong></span> 
     </span>
     <span class='ocr_line' id='line_1_30' title="bbox 75 3636 1135 3723; baseline -0.008 -19"><span class='ocrx_word' id='word_1_236' title='bbox 75 3640 130 3719; x_wconf 75' lang='lat' dir='ltr'><strong>ipse</strong></span> <span class='ocrx_word' id='word_1_237' title='bbox 148 3645 252 3706; x_wconf 87' lang='lat' dir='ltr'><strong>dicitur</strong></span> <span class='ocrx_word' id='word_1_238' title='bbox 271 3645 451 3705; x_wconf 84' lang='lat' dir='ltr'><strong>candentibus</strong></span> <span class='ocrx_word' id='word_1_239' title='bbox 469 3644 571 3704; x_wconf 92' lang='lat' dir='ltr'><strong>nubilis</strong></span> <span class='ocrx_word' id='word_1_240' title='bbox 585 3656 747 3723; x_wconf 75' lang='lat' dir='ltr'><strong>concretus.</strong></span> <span class='ocrx_word' id='word_1_241' title='bbox 767 3642 812 3699; x_wconf 92' lang='lat' dir='ltr'><strong>lbi</strong></span> <span class='ocrx_word' id='word_1_242' title='bbox 829 3640 924 3699; x_wconf 81' lang='lat' dir='ltr'><strong>nubila</strong></span> <span class='ocrx_word' id='word_1_243' title='bbox 944 3636 1135 3715; x_wconf 86' lang='lat' dir='ltr'><strong>intelliguntur</strong></span> 
     </span>
     <span class='ocr_line' id='line_1_31' title="bbox 76 3725 1136 3815; baseline -0.008 -21"><span class='ocrx_word' id='word_1_244' title='bbox 76 3747 187 3812; x_wconf 75' lang='lat' dir='ltr'><strong>vapores</strong></span> <span class='ocrx_word' id='word_1_245' title='bbox 205 3734 331 3796; x_wconf 84' lang='lat' dir='ltr'><strong>ardentes</strong></span> <span class='ocrx_word' id='word_1_246' title='bbox 352 3748 379 3795; x_wconf 89' lang='lat' dir='ltr'><strong>et</strong></span> <span class='ocrx_word' id='word_1_247' title='bbox 399 3735 555 3815; x_wconf 87' lang='lat' dir='ltr'><strong>conglobati</strong></span> <span class='ocrx_word' id='word_1_248' title='bbox 572 3733 700 3814; x_wconf 72' lang='lat' dir='ltr'><strong>igniculi,</strong></span> <span class='ocrx_word' id='word_1_249' title='bbox 721 3733 766 3792; x_wconf 88' lang='lat' dir='ltr'><strong>hic</strong></span> <span class='ocrx_word' id='word_1_250' title='bbox 783 3742 874 3790; x_wconf 88' lang='lat' dir='ltr'><strong>autem</strong></span> <span class='ocrx_word' id='word_1_251' title='bbox 892 3727 987 3788; x_wconf 81' lang='lat' dir='ltr'><strong>nubila</strong></span> <span class='ocrx_word' id='word_1_252' title='bbox 1006 3725 1136 3786; x_wconf 87' lang='lat' dir='ltr'><strong>dicuntur</strong></span> 
     </span>
     <span class='ocr_line' id='line_1_32' title="bbox 76 3814 885 3905; baseline -0.006 -24"><span class='ocrx_word' id='word_1_253' title='bbox 76 3814 199 3902; x_wconf 80' lang='lat' dir='ltr'><strong>humida,</strong></span> <span class='ocrx_word' id='word_1_254' title='bbox 220 3846 289 3903; x_wconf 81' lang='lat' dir='ltr'><strong>quae</strong></span> <span class='ocrx_word' id='word_1_255' title='bbox 307 3826 380 3905; x_wconf 84' lang='lat' dir='ltr'><strong>ignis</strong></span> <span class='ocrx_word' id='word_1_256' title='bbox 397 3824 506 3885; x_wconf 82' lang='lat' dir='ltr'><strong>fervore</strong></span> <span class='ocrx_word' id='word_1_257' title='bbox 525 3823 678 3884; x_wconf 87' lang='lat' dir='ltr'><strong>educuntur</strong></span> <span class='ocrx_word' id='word_1_258' title='bbox 696 3834 724 3882; x_wconf 89' lang='lat' dir='ltr'><strong>et</strong></span> <span class='ocrx_word' id='word_1_259' title='bbox 739 3822 885 3882; x_wconf 79' lang='lat' dir='ltr'><strong>siccantur.</strong></span> 
     </span>
    </p>
   </div>
   <div class='ocr_carea' id='block_1_5' title="bbox 118 3953 752 4165">
    <p class='ocr_par' dir='ltr' id='par_1_6' title="bbox 118 3953 752 4165">
     <span class='ocr_line' id='line_1_33' title="bbox 118 3953 730 4039; baseline -0.023 -19"><span class='ocrx_word' id='word_1_260' title='bbox 118 3953 181 4037; x_wconf 86' lang='lat'><strong>(78)</strong></span> <span class='ocrx_word' id='word_1_261' title='bbox 202 3959 320 4019; x_wconf 79' lang='lat' dir='ltr'><strong>Meteon</strong></span> <span class='ocrx_word' id='word_1_262' title='bbox 342 3959 388 4035; x_wconf 91' lang='lat' dir='ltr'><strong>Il,</strong></span> <span class='ocrx_word' id='word_1_263' title='bbox 408 3977 436 4017; x_wconf 86' lang='lat'><strong>2.</strong></span> <span class='ocrx_word' id='word_1_264' title='bbox 456 3956 491 4015; x_wconf 84' lang='grc' dir='ltr'><strong>Τ.</strong></span> <span class='ocrx_word' id='word_1_265' title='bbox 512 3958 544 4033; x_wconf 88' lang='lat'><strong>1,</strong></span> <span class='ocrx_word' id='word_1_266' title='bbox 566 3977 595 4038; x_wconf 85' lang='lat' dir='ltr'><strong>p.</strong></span> <span class='ocrx_word' id='word_1_267' title='bbox 617 3956 675 4039; x_wconf 70' lang='lat'><strong>427</strong></span> <span class='ocrx_word' id='word_1_268' title='bbox 697 3958 730 4016; x_wconf 85' lang='lat' dir='ltr'><strong>F.</strong></span> 
     </span>
     <span class='ocr_line' id='line_1_34' title="bbox 118 4079 752 4165; baseline -0.021 -18"><span class='ocrx_word' id='word_1_269' title='bbox 118 4084 177 4165; x_wconf 81' lang='lat'>(79)</span> <span class='ocrx_word' id='word_1_270' title='bbox 198 4085 232 4143; x_wconf 87' lang='lat' dir='ltr'><strong>ln</strong></span> <span class='ocrx_word' id='word_1_271' title='bbox 251 4084 365 4144; x_wconf 84' lang='lat' dir='ltr'><strong>Aristot.</strong></span> <span class='ocrx_word' id='word_1_272' title='bbox 385 4079 530 4142; x_wconf 85' lang='lat' dir='ltr'><strong>Mctcorol.</strong></span> <span class='ocrx_word' id='word_1_273' title='bbox 551 4079 639 4154; x_wconf 84' lang='lat' dir='ltr'><strong>11‚t.</strong></span> <span class='ocrx_word' id='word_1_274' title='bbox 660 4099 695 4160; x_wconf 84' lang='lat'><strong>9¹</strong></span> <span class='ocrx_word' id='word_1_275' title='bbox 719 4079 752 4136; x_wconf 87' lang='grc' dir='ltr'><strong>Δ.</strong></span> 
     </span>
    </p>
   </div>
   <div class='ocr_carea' id='block_1_6' title="bbox 0 0 1453 4884">
    <p class='ocr_par' dir='ltr' id='par_1_7' title="bbox 0 0 1453 4884">
     <span class='ocr_line' id='line_1_35' title="bbox 0 0 1453 4884; baseline 0 0"><span class='ocrx_word' id='word_1_276' title='bbox 0 0 1453 4884; x_wconf 95' lang='lat' dir='ltr'><strong> </strong></span> 
     </span>
    </p>
   </div>
  </div>
 </body>
</html>
