2842 4884
262 358 326 473 llo
651 425 705 493 uu
728 423 917 467 xmoruanrs

259 592 353 653 recte
378 580 411 655 ei
435 576 614 650 tributum
638 576 793 653 videtur.
822 577 983 674 Namque
1004 577 1033 647 si
1054 577 1103 649 ita
1131 575 1237 673 plane
1256 586 1334 648 sta·

257 688 403 775 tuisset,
432 686 496 784 qul
526 685 720 781 potuissent
748 695 885 755 veteres
910 695 984 754 tam
1011 684 1106 769 varie
1133 686 1212 778 ejus
1242 705 1329 755 sen·
1414 713 1417 723 ⁴

257 796 406 867 tentiam
441 790 705 889 interpretari?
733 791 911 862 Nimirum
946 789 1145 889 intelligere
1176 791 1332 888 quidem

258 903 376 975 Deum
401 913 439 972 et
460 924 581 995 sapere
596 898 701 989 dixit3
718 923 791 968 non
810 910 937 971 autem
948 901 1059 997 ipsam
1076 908 1233 970 mentem
1253 916 1332 970 esse

258 1032 373 1105 eaque
406 1008 442 1079 vi
476 1006 632 1078 divinam
665 1015 830 1074 naturam
867 1007 1012 1076 omnino
1046 1005 1230 1076 contineri.
1271 1003 1330 1075 Ita

259 1128 379 1186 tamen
404 1114 575 1210 Diogenes
606 1110 739 1209 aliique
760 1110 930 1184 videntur
953 1108 1183 1199 intellexisse,
1216 1121 1330 1205 atque

258 1221 344 1293 huic
383 1222 576 1292 sententiae
621 1242 822 1315 congruum
863 1229 915 1289 est
933 1226 935 1231 “
952 1215 1045 1288 illud
1090 1216 1186 1312 quod
1230 1215 1330 1288 idem

257 1328 423 1425 deinceps
451 1328 590 1399 refert:
622 1324 676 1424 ἔφη
700 1328 732 1395 δὲ
757 1332 816 1393 καὶ·
835 1332 872 1394 τὰ
894 1329 986 1396 πολλοὶ
1011 1327 1088 1406 ἥττω
1118 1337 1161 1393 vrb
1186 1320 1259 1392 εἶναι
1289 1320 1330 1394 ⁸⁰.

258 1438 354 1510 Haec
384 1436 489 1510 verba
513 1433 633 1531 legens
661 1432 707 1505 de
733 1430 879 1503 Platone
904 1433 1022 1528 potius
1048 1456 1157 1529 quam
1185 1430 1230 1503 de
1257 1430 1330 1502 Xe·
1416 1473 1417 1518 3

217 1630 221 1641 ι
258 1544 423 1639 nophane
445 1541 500 1639 agi
524 1552 629 1636 putes
656 1564 663 1610 ι
700 1564 784 1608 nam
809 1550 1013 1634 congruunt
1037 1538 1110 1608 fere
1134 1561 1219 1608 cnm
1245 1536 1326 1626 his,

259 1676 353 1749 quae
381 1648 443 1719 ille
469 1649 508 1716 in
536 1646 676 1717 Timaeo
692 1644 801 1715 dicit:
826 1653 987 1737 μεμιγμένη
1011 1654 1029 1723 ἡ
1060 1643 1137 1712 τώδε
1158 1654 1203 1711 τοῦ
1223 1652 1329 1733 κόσμω

259 1768 367 1853 γένεσις
395 1759 426 1839 ἐξ
454 1764 581 1847 ἀνάγκης
609 1782 641 1821 τε
674 1759 724 1821 καὶ
753 1765 796 1821 νοῦ
827 1763 974 1835 ονςάσεως
1005 1756 1164 1845 ἐγεννήθη·
1200 1764 1264 1818 νοῦ
1294 1754 1329 1821 δὲ

258 1876 438 1959 ἀνάγκης
467 1864 665 1959 ἄρχοντος
687 1864 732 1956 τῷ
751 1868 865 1931 πείὲνειν
893 1867 980 1943 αὐτὴν
1015 1876 1068 1928 τῶν
1095 1868 1264 1954 γιγνομένων
1289 1868 1332 1930 τὰ

258 1976 367 2056 πλεῖςα
390 1976 434 2041 ἐπὶ
460 1975 491 2038 τὸ
517 1971 650 2054 Delum}
676 1968 784 2062 οἴγειν,
809 1975 900 2059 ταύτῃ
921 1974 998 2035 κατὰ
1022 1970 1112 2035 ταύτά
1135 1994 1166 2034 τε
1190 1959 1228 2035 δι’
1257 1960 1337 2059 (δι’

258 2077 328 2150 del.
355 2075 523 2171 videtur)
541 2084 721 2168 ἀνάγκης
745 2082 973 2164 ἡττωμένης
999 2079 1070 2142 ὑπὸ
1095 2072 1249 2150 πειθὲς-
1268 2070 1328 2163 ἔμ-

258 2212 393 2281 φρονος
416 2182 486 2251 οὕτω
506 2174 574 2249 κατ’
598 2187 691 2275 ἀρχὰς
705 2182 836 2261 ξυνίςατο
856 2182 919 2250 τόδε
944 2188 975 2249 τὸ
986 2198 1043 2249 πᾶν
1056 2177 1091 2250 ⁸¹.
1116 2180 1173 2250 Sic
1197 2178 1327 2251 Plato:

258 2286 468 2383 Xenophani
488 2297 609 2357 autem
629 2285 699 2357 hoc
719 2283 891 2380 placitum
909 2285 1080 2358 affinxisse
1093 2285 1265 2358 videntur
1283 2313 1328 2360 ex

258 2394 324 2469 illo
344 2394 440 2491 quod
465 2416 570 2487 supra
599 2392 873 2464 memoravimus
898 2406 1123 2491 argumento,
1139 2394 1278 2483 Deum,
1300 2396 1330 2465 si

227 2535 229 2540 ·
259 2513 350 2576 esset
363 2499 526 2570 omnium
554 2497 888 2594 praestantissimus,
905 2525 1024 2571 unum
1047 2524 1120 2571 csse
1146 2512 1328 2595 oportere,

258 2633 331 2679 non
359 2602 500 2677 multos.
525 2604 652 2699 Itaque
674 2604 702 2674 si
727 2604 825 2700 apud
847 2605 1041 2701 Diogenem
1065 2604 1264 2701 legeretur,
1292 2608 1330 2677 ’τὰ

240 2702 350 2787 ’πολλὰ
373 2712 454 2793 ἥττω
479 2722 524 2783 τοῦ
550 2716 607 2787 ἑνὸς
625 2707 725 2801 εἶναι,
746 2725 858 2806 posset
874 2711 1019 2783 omnino
1044 2710 1208 2808 probari3
1227 2737 1329 2785 nunc

257 2944 332 3003 Hinc
343 2941 487 3001 Fabricius
503 2938 538 2999 ad
549 2940 664 2999 Sextum
674 2940 756 3019 Emp.
768 2962 796 3020 p.
808 2939 859 3022 59,
873 2952 980 3009 censet,
996 2939 1223 3020 «Xenophanem
1238 2942 1329 3001 Deum

259 3032 362 3093 dixisse
384 3043 504 3089 mentem
527 3042 685 3103 aeternam,
709 3051 793 3089 unam
819 3043 846 3088 et
870 3030 1080 3103 inmutabilem,
1105 3033 1265 3110 rationeque
1296 3054 1330 3091 ac

258 3141 339 3181 sensu
351 3120 518 3200 pollentem,
538 3132 607 3178 caet.
625 3143 639 3175 s
664 3122 699 3177 At
711 3118 898 3199 Xenophanes
915 3117 949 3176 de
963 3118 1022 3177 Deo
1036 3120 1232 3180 tantummodo
1248 3142 1329 3201 prae-

259 3202 364 3272 dicasse
375 3209 494 3281 videtur,
513 3222 543 3265 ut
555 3209 714 3289 Simplicius
733 3208 820 3277 dicit,
834 3209 924 3269 adara
940 3210 1000 3269 νοεῖν
1023 3208 1111 3283 ιη’τὸι,
1133 3210 1207 3268 unde
1223 3212 1329 3271 Sextus

257 3301 413 3381 Empiricus
424 3311 451 3356 et
472 3298 593 3358 Galenus
608 3295 717 3371 aoyrnla
741 3298 881 3378 appellant
896 3299 1079 3380 Xenophanis
1098 3301 1207 3379 Deum5
1224 3322 1328 3362 rerum-

257 3404 348 3451 tameu
369 3387 413 3449 vla
436 3398 485 3449 sota
512 3410 526 3446 a
551 3409 678 3448 sensuum
699 3389 877 3469 perceptione
905 3409 963 3447 non
990 3390 1057 3448 fecit
1086 3389 1256 3450 distinctam.
1290 3394 1328 3451 cf.

255 3483 348 3543 Ritter
359 3501 388 3560 p.
408 3476 477 3555 453.

300 3610 365 3689 (80)
387 3609 504 3686 Diogen.
526 3604 546 3664 l.
562 3605 591 3684 l.
615 3606 678 3665 Non
705 3626 816 3686 possum
844 3607 971 3687 probare·
988 3607 1129 3667 Braudisii
1160 3609 1329 3692 interpreta-

259 3702 363 3760 tionem
384 3699 413 3757 in
429 3698 583 3757 Commeat.
608 3715 635 3774 p.
657 3693 716 3775 57,
744 3716 825 3772 quam
849 3697 923 3755 inlra
945 3700 1029 3756 etiam
1050 3709 1204 3777 tangemus.
1231 3700 1328 3759 Abeo

260 3787 378 3849 tliscedit
398 3806 507 3865 quoque
526 3786 618 3843 Ritter
637 3804 666 3863 p.
688 3781 760 3859 453.

297 3919 361 3995 (81)
388 3919 466 3978 Plato
491 3896 565 3976 Tim.
591 3935 618 3995 p.
639 3912 679 3991 48
703 3916 736 3973 Α.
757 3914 885 3973 Eandem
917 3917 975 3976 fere
1004 3916 1185 3997 Xenophauis
1206 3930 1327 3979 mentem

258 4006 446 4065 fuissecenset
468 4008 569 4068 Cousin
586 4027 614 4087 p.
635 4003 684 4065 83.
703 4024 765 4063 cum
793 4005 956 4067 Casauhono
976 4005 1012 4067 ad
1027 4008 1144 4089 Diogen.
1169 4008 1261 4068 baert.
1289 4010 1326 4069 cl.

260 4096 345 4180 Bayle
368 4097 505 4159 Diction..
518 4096 656 4176 Xenoph.
677 4106 737 4155 not.
757 4096 793 4153 D.
