2842 4884
524 416 741 458 annosorum.
1105 401 1169 463 115

87 551 219 648 Itaque
250 563 293 622 ut
308 551 418 624 ceteri
434 548 651 647 philosophi,
675 548 760 622 licet
791 577 809 622 a
835 550 977 649 vulgari
1004 556 1171 651 opinione

87 657 343 746 dissentirent,
373 682 601 728 communem
627 657 799 728 sermonis
821 683 927 729 usum
956 674 1169 753 servarunt,

16 815 17 820 η
86 761 255 834 similiter
272 762 512 859 Xenophanes
531 764 648 836 fecisse
668 763 852 859 putandus
865 777 927 836 est.
940 764 1170 864 Quamquam

87 871 200 965 hujus
226 872 440 944 sententiam
457 868 625 941 nonnulli
642 860 769 967 parum
791 871 983 970 diligenter
1003 886 1067 946 aut
1088 900 1172 970 per-

87 1001 188 1048 verse
227 979 455 1073 interpretati
487 979 681 1067 videntur,
713 991 757 1049 ut
783 978 1022 1062 Plutarchus,
1054 1007 1173 1079 quum

88 1108 167 1154 eam
193 1085 246 1156 sic
272 1097 424 1179 exponat
449 1093 471 1132 ¹⁹
497 1110 505 1154 :
531 1093 714 1182 ἀποφαιὶιεται
750 1087 781 1154 δὲ
815 1093 864 1154 καὶ
901 1093 966 1182 περὶ
994 1094 1105 1175 θεῶν,
1138 1102 1176 1168 ὡς

88 1193 221 1282 ω’δεμιᾶς
253 1203 400 1286 ἡγεμονίας
431 1198 459 1261 ἐν
484 1196 576 1272 αὐτοῖς
601 1192 701 1273 οὔσης·
727 1194 756 1261 ω’
787 1198 845 1288 γὰρ
874 1193 947 1262 ὅσιον
979 1195 1180 1276 δεσπέζωθαί

88 1327 153 1394 τινας
184 1306 287 1369 θεῶν·
318 1302 487 1370 malaledel
514 1329 545 1368 τε
574 1301 691 1392 μηδενὸς
721 1305 813 1368 αὐτῶν
848 1302 959 1391 μηδένα
989 1298 1062 1392 μήδ’
1090 1303 1175 1384 ihus.

89 1407 339 1502 Principatum
363 1431 447 1478 sane
470 1409 567 1477 inter
591 1407 681 1478 Deos
710 1405 804 1476 tollit
831 1407 1098 1502 Xenophanes,
1127 1413 1176 1482 ita

90 1525 133 1584 ut
159 1537 284 1582 unum
306 1513 409 1584 modo
433 1537 506 1583 esse
529 1513 648 1584 Deum
672 1525 828 1604 statuat,
853 1525 1068 1586 nontamen
1094 1514 1175 1610 plu-

93 1643 146 1690 res
171 1619 281 1691 faciat
314 1644 415 1714 pares
439 1620 534 1692 inter
557 1619 647 1714 ipsos
670 1632 707 1690 et
731 1617 907 1717 aequales.
934 1619 1003 1692 Sed
1030 1619 1178 1692 Plutar-

93 1725 179 1797 chus
206 1723 444 1820 Xenophanis
467 1726 680 1795 sententiam
699 1726 903 1798 confuderit
926 1726 1069 1798 tortasse
1094 1751 1179 1800 cum

93 1829 206 1903 nobili
233 1829 417 1926 Euripidis
442 1829 563 1920 dicto,
587 1831 684 1925 quod
718 1830 815 1903 idem
838 1830 922 1902 alibi
945 1830 1069 1905 laudat
1097 1844 1146 1903 ²⁰:

192 1976 261 2053 οὔτ’
284 1983 396 2064 ἠξίωσα
420 1975 527 2050 πώποτ’
555 1979 618 2049 οὔτε
641 1988 794 2071 πείσομαι,

192 2082 257 2160 οὐδ’
283 2087 371 2158 ἄλλον
404 2084 528 2184 (θεὸν)
556 2086 646 2156 ἄλλου
669 2089 809 2168 δεσπότην
837 2096 1006 2184 πεφυκέναι·

192 2198 291 2266 δεῖται
316 2203 374 2290 γὰρ
396 2203 410 2260 ὁ
438 2199 527 2283 θεὸς,
556 2202 633 2290 εἴπερ
648 2185 700 2276 ’ἐξ
719 2192 810 2271 ὅντως
838 2199 929 2285 θεὸς,

196 2303 323 2378 οὐδενός·
343 2302 439 2370 ἀοιδῶν
457 2301 511 2370 οἵδε
535 2300 647 2382 δὺςηνοι
674 2302 761 2394 λόγοι.

101 2461 169 2534 Hos
193 2476 319 2534 autem
344 2487 464 2535 versus
486 2462 648 2558 quamvis
672 2460 774 2532 facile
790 2461 950 2552 credam,
971 2461 1183 2557 Euripidem

103 2569 436 2667 ephilosophorum
463 2567 780 2663 disputationibus,
807 2578 851 2640 ut
879 2565 994 2636 multa
1023 2564 1116 2655 alia,
1144 2569 1183 2636 in

103 2699 244 2746 scenam
268 2673 468 2773 protulisse,
493 2675 532 2742 in
553 2670 607 2742 his
639 2684 761 2742 tamen
785 2668 842 2743 vel
868 2669 981 2740 aliurn
1001 2682 1184 2741 auctorem

104 2795 248 2853 secutus
268 2781 411 2853 videtur
432 2777 505 2866 vel,
530 2779 558 2846 si
584 2775 843 2872 Xenophanem
867 2787 1010 2845 secutus
1046 2775 1090 2846 sit
1121 2773 1186 2869 (ut

105 2887 297 2958 Brundisio
320 2886 436 2957 visum
452 2881 484 2979 l,
511 2891 532 2918 ²¹
559 2907 623 2953 suo
637 2881 783 2953 arbitrio
795 2880 1009 2951 sententiam
1034 2880 1184 2954 linxisse.
1308 2888 1311 2894 '

94 2987 264 3064 ¹Liberior
300 2990 357 3061 hic
382 2994 569 3086 poetarum
591 3013 677 3059 usus
703 2986 962 3082 interpretibus
997 2989 1035 3056 in
1066 2986 1186 3085 expli—

109 3099 225 3172 candis
255 3095 545 3194 philosophorum
576 3092 714 3190 placitis
745 3092 865 3164 fraudi
900 3093 1084 3165 interdurn
1101 3094 1185 3166 fuit.

109 3203 292 3302 Euripidis
316 3227 400 3275 vero
418 3201 521 3273 dictis
542 3225 656 3297 paene
680 3200 901 3273 conveniunt
929 3225 1086 3297 eaquae
1112 3201 1190 3272 Xe·-

150 3433 212 3518 (19)
235 3435 270 3493 ln
290 3431 394 3492 Strom.
416 3427 491 3511 apud
506 3425 607 3487 Euseb.
633 3425 733 3507 Praep.
759 3427 812 3485 Eu.
828 3428 861 3503 1,
882 3448 911 3507 p.
933 3427 972 3487 23
993 3424 1027 3485 B.

153 3553 215 3629 (ao)
236 3548 349 3610 Hercul.
368 3549 423 3606 lur.
444 3568 474 3610 v.
500 3541 577 3620 1334
595 3564 653 3622 sqq.
677 3545 715 3602 cl.
734 3543 874 3604 Plutarch.
904 3545 938 3603 de
959 3560 1079 3623 repugn.
1107 3537 1191 3596 Stolo.

114 3660 140 3718 p.
176 3643 268 3716 1052,
293 3641 327 3700 E.
345 3637 470 3698 Socrates
491 3638 520 3695 in
547 3635 680 3716 Xenoph.
708 3635 795 3694 Mem.
822 3636 858 3711 1,
887 3635 926 3708 6,
946 3633 963 3714 §
984 3654 1019 3690 10
1046 3651 1053 3683 τ
1085 3623 1133 3698 'qd
1158 3627 1194 3688 dl

118 3729 213 3811 νομίζω
238 3727 269 3792 ri
291 3728 341 3807 pala
360 3725 478 3806 pqurls
500 3727 623 3790 δίεσθαι
642 3727 715 3785 θεῖον
739 3721 812 3786 siret.

157 3847 221 3923 (ar)
242 3847 397 3907 comment.
418 3843 507 3902 Eleat.
528 3867 557 3926 p.
580 3841 644 3923 67,
672 3845 739 3919 qni,
763 3849 858 3899 notata
888 3837 945 3893 hac
965 3833 1119 3892 sententiae
1144 3832 1192 3892 di-

118 3935 266 4009 versitate,
295 3935 348 4016 ipsi
376 3931 543 4013 Xenophani
573 3930 603 3990 id
626 3931 747 3990 sortasse
774 3921 953 3986 tribuendum
980 3935 1074 3981 monet
1102 3943 1192 3981 :nam

120 4039 204 4096 quum
225 4025 312 4084 multa
334 4023 465 4084 edidisset
477 4023 614 4094 carmina,
635 4019 757 4100 potuisse
769 4036 832 4074 eum
851 4010 992 4072 interdum
1009 4013 1117 4070 variare
1131 4032 1194 4070 aen·
1307 4057 1311 4068 .

121 4115 236 4175 tentiam
251 4127 278 4174 et
296 4113 331 4173 de
351 4113 446 4173 cadem
471 4134 501 4172 re
519 4133 576 4172 non
597 4128 704 4188 semper
722 4105 795 4164 idem
816 4103 915 4162 dicere.

951 4199 998 4296 9*
