2842 4884
445 369 531 411 vrrs·
543 370 582 409 nr
604 369 729 409 sannis.
1081 350 1128 415 23

74 534 238 612 nemorat3
258 521 408 618 ipsaque
425 519 582 592 carmina
600 547 620 591 a
637 517 820 593 veteribus
836 522 1035 619 generatim
1050 549 1129 619 tpa-

45 619 46 706 i
73 636 157 727 ptus
179 628 374 701 nominatas
401 651 499 718 esse,
528 624 613 699 licet
639 652 773 699 nomen
795 627 909 699 serius
934 628 1128 705 inventum

72 742 126 830 sit,
172 738 317 834 antiqua
356 745 591 806 monumenta
633 733 787 831 probant
824 732 861 805 ⁴⁷.
899 733 992 808 Hinc
1028 738 1127 833 quod
1206 756 1209 771 ’

72 849 154 919 etiam
188 837 341 916 aliorum
380 847 569 941 poetarum
607 844 807 939 tragoediae
844 855 1126 933 memorantur,

71 949 260 1040 Simonidis,
301 949 469 1038 Pindari,
523 947 768 1046 Empedoclis,
811 949 876 1046 qui
917 960 1037 1021 tamen
1085 950 1125 1023 in

70 1056 240 1131 dramaticis
266 1055 378 1153 poetis
410 1078 484 1125 non
507 1068 701 1127 censentur
720 1054 756 1127 4⁸.
775 1054 901 1148 Quum
924 1056 1037 1153 igitur
1056 1054 1125 1129 Xe·
1228 1044 1231 1051 ¹

70 1165 224 1261 sophanes
249 1164 453 1259 τραγῳδοποιὸς
477 1162 641 1251 dicatur,
668 1161 750 1235 talia
780 1160 1011 1261 intelligenda
1039 1175 1127 1235 sunt

69 1271 220 1361 carmina,
245 1293 340 1366 quae
367 1268 407 1339 in
432 1268 538 1341 sacris
554 1267 701 1365 publice
723 1281 961 1359 canerentur,
989 1267 1125 1367 quibus

70 1402 106 1449 res
127 1377 281 1448 Deorum
298 1374 564 1473 hominumque
591 1373 649 1448 vel
676 1376 768 1448 serio
793 1386 961 1447 tractaret
990 1372 1048 1449 vel
1070 1376 1125 1468 jo-

69 1508 123 1555 cose
143 1481 295 1555 luderet.
322 1480 428 1574 Quod
459 1485 601 1578 poeseos
629 1507 744 1580 genus
769 1481 816 1553 ab
841 1479 904 1553 illo
930 1492 1124 1554 tractatum

69 1615 118 1663 erce
137 1614 177 1661 eo
200 1588 312 1687 magis
331 1586 516 1685 probabile
539 1600 614 1675 est,
636 1588 734 1687 quod
752 1587 887 1681 Siculi,
916 1587 1014 1685 apud
1034 1611 1124 1686 quos

44 1749 45 1778 7
69 1695 229 1793 praecipue
248 1706 409 1769 versatus
431 1707 501 1786 est,
522 1720 565 1767 eo
581 1696 824 1793 maximopere
843 1693 1011 1769 delectati
1027 1696 1120 1783 sint,

68 1803 138 1874 unde
157 1800 360 1875 comoediae
386 1802 484 1899 origo
509 1802 556 1874 ab
583 1802 639 1874 his
662 1801 859 1899 repetenda
884 1813 937 1875 est
953 1799 996 1872 4⁹.
1022 1799 1122 1893 Quid

44 1908 154 1984 lrercl
172 1909 300 1982 eadem
324 1912 511 2000 carmina,
540 1935 657 2007 quum
685 1910 845 1984 iambicis
871 1908 1031 1983 numeris
1057 1934 1122 2007 po·

67 2019 208 2088 tissimum
229 2016 423 2113 composita
443 2028 583 2107 essent,
598 2017 644 2089 ab
668 2014 746 2089 aliis
759 2018 955 2089 iamborum
973 2017 1120 2089 nomine

44 2115 45 2207 J
66 2124 219 2220 significari
235 2134 455 2220 potuerunt3
479 2148 600 2220 neque
620 2122 853 2223 improbabile
870 2122 1030 2213 videtur,
1047 2150 1120 2219 tpa-

44 2234 142 2325 'rad'cs
164 2242 199 2305 et
224 2232 371 2323 ι’άμβσνς,
396 2255 486 2330 quos
516 2230 691 2331 Diogenes
725 2242 923 2333 memorat,
960 2243 1119 2328 utraque

66 2337 92 2408 ad
109 2339 195 2410 idem
225 2362 341 2437 genus
371 2338 564 2435 pertinere.

93 2442 216 2532 tilica,
236 2444 443 2517 carminum
463 2468 578 2543 genus
597 2442 781 2542 quoddam
803 2443 967 2534 mordax,
998 2442 1119 2519 convi-

65 2550 179 2644 ciosum,
193 2550 239 2623 ad
254 2551 455 2626 irridendos
473 2552 650 2643 homines,
663 2551 858 2651 praecipue
877 2552 921 2624 ad
933 2551 1119 2648 increpan-

43 2695 44 2738 r
63 2656 117 2729 dam
132 2660 319 2733 doctorum
342 2661 580 2759 armgantiam
605 2660 841 2757 compositum
858 2656 882 2695 ⁵⁰
900 2684 909 2730 ι
928 2657 995 2731 hoc
1015 2669 1117 2731 vete-

43 2757 44 2786 ³
63 2788 117 2835 rum
126 2764 294 2839 nonnulli
303 2766 517 2865 Xenophani
527 2766 745 2857 attribuunt,
757 2764 965 2863 praesertim
978 2763 1117 2854 Strabo,

62 2896 137 2969 equo
150 2874 248 2945 inter
262 2896 339 2965 eos,
355 2874 421 2972 qui
436 2870 680 2971 Colophonem
695 2872 851 2947 maxime
869 2868 1120 2964 illustrarunt,

61 2982 173 3074 ponitur
191 2984 355 3081 Ξενοφάνης
370 2992 385 3053 ὁ
401 2986 556 3080 partim
575 2985 635 3061 τοὺς
659 2984 825 3061 σίλλους
849 2980 1123 3063 concatenatos

82 3191 132 3275 (lp)
150 3196 290 3257 Hercdct.
312 3194 350 3255 V.
376 3192 427 3277 67.
451 3193 585 3271 Bceckh‚
610 3191 891 3273 Staatshanshaltung
917 3190 947 3253 d.
971 3190 1115 3271 Athener,

60 3280 79 3340 Τ.
93 3286 126 3358 ll,
162 3333 169 3345 .
193 3284 343 3347 362-366.

82 3372 131 3450 (48)
142 3309 297 3457 bsyrioam
320 3376 519 3457 Tragoediam
534 3368 592 3435 hoc
603 3394 691 3455 genus
717 3373 844 3433 nominat
867 3374 903 3432 cl.
927 3370 1094 3434 Welcherus
1104 3419 1114 3450 ,

43 3462 108 3540 ¹triu
131 3466 319 3547 praecipuum
353 3476 496 3523 auctorem
527 3465 671 3523 existimat
699 3461 890 3523 Stesichorum
919 3462 1114 3520 Himerensem

59 3549 130 3627 fonsa,
153 3568 213 3616 tum
241 3554 468 3636 Xenophanem,
493 3564 522 3612 et
546 3568 688 3635 caeteros²
714 3572 784 3630 quos
806 3552 1021 3616 nominavimus.
1044 3548 1113 3611 Vid.

43 3637 195 3722 plahbicher
217 3644 267 3704 fiir
291 3643 446 3724 Philolcgie
475 3641 536 3702 und
558 3641 752 3723 Paedagcgik,
776 3640 819 3701 ed.
844 3640 928 3702 Jahn.
958 3638 1113 3720 (a.1829)

59 3727 98 3803 IX,
113 3753 143 3809 2,
185 3733 288 3812 ,164

43 3877 44 3882 ,
79 3820 129 3903 (49)
144 3756 212 3887 Vlid.
233 3825 351 3885 Aristot.
370 3817 406 3882 de
423 3823 491 3883 Arte
510 3826 585 3904 polit.
605 3842 628 3881 c.
645 3822 681 3882 V.
702 3822 746 3881 De
756 3820 910 3881 iamborum
928 3838 979 3878 usu
994 3818 1114 3885 Aristot.

43 3904 102 3967 'tit
115 3934 136 3972 c.
152 3916 204 3977 lv.
224 3914 364 3974 Horatius
385 3910 421 3972 de
439 3914 507 3972 Arte
525 3916 600 3994 poet.
619 3932 662 3973 rs.
685 3910 735 3971 80.
968 3906 971 3913 '

43 4029 44 4048 r
80 4000 127 4081 (50)
146 4004 264 4065 Photius
280 4007 311 4064 in
329 4002 463 4065 Biblioth.
485 4024 515 4083 p.
530 4002 601 4086 987.
628 4000 751 4083 Hesych.
770 4000 803 4059 T.
821 3999 850 4058 ll
861 4043 869 4074 ‚
890 4018 914 4057 c.
945 3995 1033 4081 1187.
1052 3996 1114 4059 Me·

59 4094 125 4170 vegius
141 4095 177 4156 ad
193 4097 318 4177 Diogen.
338 4096 431 4156 La'e'rt.
450 4094 511 4171 IX,
537 4115 604 4155 111.
