2842 4884
150 1519 193 1591 Iu
218 1519 348 1592 artium
371 1530 408 1591 et
429 1519 696 1618 disciplinarum
721 1518 989 1615 investigatione
1014 1519 1106 1592 nihil
1125 1535 1176 1594 est
1299 1519 1307 1530 ‘

101 1650 144 1722 ad
160 1650 340 1724 doctrinae
357 1651 518 1723 fructum
535 1649 709 1724 efficacius
728 1675 838 1747 quam
857 1675 983 1724 aarum
1000 1651 1177 1750 originem

99 1780 293 1879 indagare,
319 1781 506 1880 fontesque
535 1781 702 1879 persequi
735 1806 755 1853 e
786 1778 919 1878 quihus
945 1780 1177 1856 humanitatis

102 1883 221 1982 studia
246 1922 282 1984 et
309 1910 530 1983 incrementa
557 1909 752 2008 repetenda
781 1922 818 1981 et
843 1909 1054 2011 explicanda
1077 1925 1175 1985 sunt.

99 2039 207 2133 Quod
219 2036 247 2111 si
263 2039 301 2111 in
315 2039 440 2113 ceteris
455 2037 591 2112 artibus
611 2037 801 2137 diligenter
816 2064 990 2136 quaerere
1002 2039 1175 2135 solemus,
1274 2099 1280 2110 .

100 2183 239 2271 quanto
261 2175 395 2267 majore
406 2172 523 2245 studio
537 2184 573 2245 et
584 2156 771 2270 diligentia
792 2171 888 2242 idem
907 2171 1112 2245 faciendum
1125 2187 1177 2246 est

99 2307 138 2377 in
174 2306 408 2406 philosophia,
448 2306 610 2378 omniurn
653 2291 787 2376 artiuin
816 2303 978 2401 principe
1008 2315 1176 2379 :ceterae

100 2439 200 2510 enim
219 2450 310 2510 artes
335 2435 495 2536 singulae
520 2437 565 2510 ad
598 2433 754 2534 singulas
780 2434 936 2533 ingenii,
965 2435 1174 2528 doctrinae,

100 2569 297 2642 industriae
309 2581 426 2672 partes
437 2569 661 2662 referuntur,
680 2566 899 2666 philosophia
912 2591 995 2641 vero
1019 2566 1177 2664 pertinet

101 2706 145 2777 ad
160 2703 198 2776 id
211 2702 309 2802 quod
331 2728 515 2775 summum
536 2713 589 2775 est
617 2702 656 2772 in
672 2700 835 2791 homine,
849 2709 1009 2770 mentem
1034 2709 1071 2769 et
1084 2698 1174 2795 cogi·

101 2837 292 2930 tationem,
319 2861 412 2935 quae
435 2846 615 2934 quantum
649 2833 775 2906 ceteris
793 2831 929 2929 ingenii
955 2827 1091 2901 artibus
1116 2854 1175 2902 ex-

102 2966 218 3061 cellit,
250 2981 394 3042 tantum
424 2992 570 3065 quoque
593 2963 690 3037 illius
723 2963 900 3060 indagatio
938 2960 1108 3059 dignitate
1139 2974 1176 3034 et

103 3098 341 3194 amplitudine
365 3096 513 3198 reliquis
532 3095 657 3170 studiis
682 3106 719 3168 et
738 3091 930 3190 disciplinis
953 3106 1003 3165 est
1030 3104 1175 3191 antepo-

103 3232 234 3306 nenda.
259 3232 355 3328 Quid
381 3233 477 3307 enim
507 3243 571 3304 aut
590 3227 805 3329 praeclarius
829 3237 892 3298 aut
913 3224 956 3296 ad
970 3223 1177 3323 cognitionis

102 3365 264 3439 fructum
295 3361 471 3456 uberius,
511 3385 620 3458 quam
658 3359 821 3429 animum
849 3354 1038 3426 hominum
1071 3378 1175 3425 men-

103 3508 252 3595 temque
275 3517 497 3594 cognoscere,
516 3492 608 3566 viam
627 3489 794 3587 indagare
810 3513 881 3586 qua
902 3510 1024 3558 sensus
1042 3508 1122 3558 suos
1139 3494 1176 3554 et

103 3631 264 3706 notiones
288 3617 512 3727 eiplicuerit,
542 3649 665 3698 rerum
690 3647 826 3694 caussas
856 3618 1081 3715 rationesque
1114 3639 1174 3686 ex-

104 3759 311 3862 ploraverit,
336 3769 373 3831 et
391 3781 534 3830 omnem
553 3765 719 3827 naturam
737 3750 837 3849 quasi
850 3746 1018 3825 evolvens
1036 3741 1173 3842 paulla-

105 3892 169 3964 tim
184 3890 227 3966 ad
243 3886 428 3966 meliorem
443 3883 625 3986 judicandi
646 3883 836 3973 rationem,
861 3878 905 3949 ad
927 3874 1087 3947 altiorem
1106 3873 1173 3944 hu-

107 4025 282 4100 manitatis
304 4022 471 4123 gradum,
501 4022 544 4096 sit
564 4018 746 4118 perducta.
770 4012 904 4108 Quodsi
935 4008 1175 4110 philosophiae

994 4170 1026 4210 A·
