2842 4884
237 363 302 426 124
642 381 680 422 oe
703 379 894 422 xnnornams

230 537 393 633 antiquos
406 532 631 632 philosophos
646 533 792 630 agitata,
806 544 925 604 tamen
937 531 1017 601 satis
1028 530 1184 603 dilucide
1197 530 1314 627 expli·

230 646 299 716 cita
318 669 390 730 non
410 654 462 714 est
484 654 697 738 anteaquam
718 665 841 710 rerum
859 640 993 710 formae
1013 638 1085 712 sive
1110 635 1315 735 categoriae

231 751 276 822 ab
301 749 457 844 Archyta
484 760 520 818 et
541 747 707 842 deinceps
730 774 750 816 a
779 743 926 818 Platone
948 757 984 816 et
1011 743 1197 816 Aristotele
1221 742 1317 814 dili-

232 856 373 954 gentius
396 866 510 925 essent
537 854 777 950 investigatae.
801 851 909 923 Prisci
938 850 992 921 illi
1020 864 1165 923 tantum
1202 849 1317 920 vide-

233 975 348 1045 runt,
377 972 515 1031 motum
543 985 664 1056 pense
686 957 803 1029 solum
826 984 898 1029 non
927 983 1024 1054 posse
1047 955 1222 1054 intelligi,
1246 954 1321 1027 sed

233 1093 317 1138 cum
341 1065 472 1157 altero,
500 1065 613 1137 veluti
628 1064 727 1157 loco,
746 1077 932 1161 tempore,
957 1064 1079 1151 inani,
1102 1062 1314 1150 cohaerere,

235 1198 451 1270 omnemque
470 1185 610 1244 motum
627 1198 700 1244 esse
724 1175 977 1258 mutationem,
1006 1171 1151 1243 ethaeo
1181 1167 1311 1258 ambo,

235 1291 343 1362 κίιησιι
369 1293 405 1351 et
430 1283 615 1371 μεταβολὴν,
644 1305 774 1378 genere
802 1283 897 1350 inter
918 1304 955 1350 se
975 1303 1048 1350 esse
1066 1279 1259 1370 conjunct-a
1272 1274 1312 1345 ³⁸.
1409 1282 1410 1285 ’

235 1386 311 1458 Hoc
335 1387 439 1458 modo
458 1388 565 1461 etiarn
579 1387 814 1484 Xenophanes
838 1397 1109 1485 argumentatur
1126 1396 1313 1455 statuens:

235 1500 383 1563 κινεῖσθαι
407 1502 444 1563 τὰ
471 1498 561 1564 πλείω
584 1492 654 1564 ὅντα
679 1503 751 1572 ἑιός·
780 1493 874 1589 ἕτεροι
897 1502 956 1589 γὰρ
988 1501 1027 1570 εἷς
1054 1492 1150 1587 ἕτερον
1178 1493 1238 1560 δεῖν
1264 1518 1313 1556 κι-

235 1605 364 1670 νεῖσθαι.
392 1600 499 1671 Porro
527 1629 534 1670 :
560 1610 584 1670 εἰ
612 1604 644 1672 δὲ
671 1610 710 1679 εἶς
747 1600 866 1681 ἄλληλα
893 1602 1095 1692 μεταβάλλοι,
1124 1602 1213 1668 πλείω
1242 1600 1315 1664 αὐτὸ

234 1703 306 1774 εἶναι
332 1715 399 1784 ἑνός.
428 1707 561 1778 Eadem
585 1708 659 1779 fere
683 1709 819 1778 ratione
843 1705 1070 1778 Parmenides
1093 1729 1180 1774 usus
1201 1714 1255 1774 est
1274 1712 1314 1773 et
1410 1730 1411 1737 ¹

235 1809 415 1903 Melissus,
445 1817 550 1909 cujus
583 1813 690 1889 verba
724 1838 808 1884 cum
835 1811 1054 1907 Xenophane
1076 1834 1200 1907 paene
1227 1832 1312 1885 con·
1410 1856 1411 1861 κ

235 1944 365 2016 gruere
390 1921 558 1995 videntur
585 1950 593 1994 ι
620 1930 650 1991 τὸ
674 1929 733 2017 γὰρ
756 1919 857 2001 ἥντινα
880 1916 928 1990 οὖν
953 1929 1063 1999 κίνησιν
1088 1927 1244 2008 senespasio
1277 1913 1316 1982 ἔκ
1410 1920 1411 1941 ³

172 2082 176 2090 .
236 2053 306 2103 τινος
331 2035 381 2096 καὶ
410 2037 449 2104 εἰς
477 2026 574 2123 ἕτερόν
603 2056 630 2096 τι
659 2030 861 2119 μεταβάὶλει·
892 2029 967 2097 outo
992 2028 1023 2095 δὲ
1055 2022 1088 2105 ἦν
1113 2023 1208 2118 ἕτερον
1232 2029 1316 2117 παρὰ
1410 2048 1411 2095 t

237 2137 267 2200 τὸ
294 2138 352 2200 ἐὸν·
385 2135 432 2200 οὐκ
461 2132 522 2228 ἄρα
553 2146 627 2202 τοῦτο
653 2145 799 2213 κινήσεται
825 2131 859 2202 ³⁹.
887 2133 1010 2229 Atque
1034 2131 1121 2203 haec
1144 2131 1317 2225 antiquo·
1410 2200 1411 2217 ἶ

238 2260 321 2306 rum
364 2238 508 2334 vestigia
549 2237 647 2308 Plato
676 2252 820 2310 secutus
849 2237 922 2308 duo
956 2237 1161 2332 praesertim
1197 2246 1318 2305 motus

237 2365 368 2438 genera
390 2341 575 2435 distinxit,
604 2352 688 2440 φορὰν
715 2357 752 2416 et
774 2348 947 2431 ἀλλοιοοιο,
976 2356 1019 2415 ut
1045 2343 1085 2413 in
1104 2341 1318 2413 Parmenide

238 2449 351 2537 dicit,
376 2450 424 2521 i'u
448 2459 606 2542 κινούμενόν
632 2481 666 2547 γε
689 2453 709 2533 ἢ
736 2462 840 2550 φέροιτο
863 2452 881 2533 ἢ
906 2456 1040 2522 ἀλλοιοῖτο
1063 2450 1116 2519 ἄν·
1144 2449 1320 2543 αὗταιγὰρ
1411 2440 1412 2451 ¹

238 2569 323 2649 μόναι
346 2569 469 2638 κινήσεις
485 2557 533 2652 l⁰3
556 2560 593 2629 in
618 2560 751 2657 qulbus
772 2561 980 2632 definiendis
1007 2559 1130 2630 eadem
1161 2555 1223 2628 ille
1247 2556 1319 2627 dis-

238 2665 349 2736 tincte
373 2664 581 2762 explicuisse
608 2667 771 2755 videtur,
803 2691 896 2763 quae
914 2666 1112 2761 superiores
1135 2664 1321 2734 confusius

238 2771 520 2869 disputaverant.
542 2773 620 2844 lam
643 2799 729 2847 vero
753 2773 819 2843 hoc
844 2783 1054 2869 argumento
1080 2770 1320 2865 Xenophanes

238 2879 434 2969 conclusit,
462 2908 529 2954 nec
549 2882 759 2954 inmobilem
789 2907 862 2954 esse
878 2882 995 2953 Deum
1018 2905 1135 2976 neque
1156 2878 1289 2951 moveri
1310 2906 1319 2949 z

240 2985 337 3081 quod
370 2989 467 3057 enim
499 2988 681 3060 immobile
704 3000 756 3060 est
784 3013 900 3085 quum
929 2986 1030 3057 null'o
1066 2988 1105 3061 iu
1142 2984 1219 3056 loco
1248 2985 1318 3072 sit,

240 3115 308 3163 nec
334 3091 453 3187 ipsum
489 3094 636 3190 quidem
674 3120 767 3185 esse3
804 3095 834 3163 si
866 3106 989 3164 autem
1024 3105 1212 3178 movetur,
1246 3116 1322 3162 non

241 3224 360 3270 unum
384 3224 456 3270 esse
483 3202 544 3272 sed
573 3201 688 3274 multa
715 3229 722 3270 ε
752 3226 835 3298 ergo
861 3214 1027 3272 neutram
1052 3200 1183 3271 harum
1210 3198 1321 3271 affec-

242 3307 382 3377 tionum
411 3307 448 3375 in
472 3306 508 3377 id
531 3308 628 3403 quod
653 3333 768 3378 unum
795 3319 846 3378 est
878 3309 1067 3379 convenire
1087 3306 1122 3376 ⁴¹.

292 3413 348 3484 Sic
372 3412 482 3510 igitur
503 3411 589 3503 ille,
617 3439 725 3511 quam
748 3426 871 3487 mente
893 3426 1102 3510 conceperat
1124 3412 1321 3510 perfectam

245 3518 518 3616 absolutamque
543 3532 741 3608 naturam,
777 3521 822 3592 ab
846 3521 912 3593 hac
941 3521 1115 3616 disjunxit
1145 3522 1323 3592 contraria

284 3765 349 3842 (38)
369 3767 482 3828 aristot.
496 3769 577 3850 Phys.
589 3770 641 3844 111,
659 3791 740 3851 capp.
759 3793 770 3830 1
784 3784 812 3829 et
823 3793 854 3830 2.

286 3870 351 3952 (39)
373 3894 417 3953 ap.
442 3874 564 3955 Simplit.
579 3874 663 3957 Phys.
683 3877 704 3934 f.
729 3895 766 3933 οε
789 3876 822 3934 Β.

287 3975 351 4052 (40)
370 3977 449 4039 Plato
464 3982 554 4041 Parm.
578 4003 606 4064 p.
625 3981 680 4044 138
695 3983 728 4040 C.
741 3981 856 4040 Theaet.
880 4003 908 4062 p.
928 3980 979 4041 181
1004 3983 1037 4040 C.

288 4082 352 4164 (41)
372 4088 415 4146 Cf.
438 4089 518 4150 Plato
539 4093 630 4151 Parm.
651 4113 678 4170 p.
704 4088 761 4150 138
781 4089 815 4149 E.
839 4090 894 4170 139
915 4092 947 4148 l.
