2842 4884
271 334 317 400 48
693 377 698 388 ι
720 356 910 402 xnnorunus

273 517 388 584 omnio
402 525 571 585 constare.
585 513 673 616 'Quo
690 516 850 613 pertinet
872 517 1104 590 Homericum
1120 514 1233 610 illud,
1257 519 1346 619 quod

269 624 347 717 jam
364 617 493 696 Sextus
505 634 542 695 et
559 622 778 723 Philoponus
797 625 1057 720 contulerunt,
1071 625 1116 699 fl.
1135 660 1164 710 η.
1178 652 1228 726 99
1246 655 1254 700 :

369 767 450 842 Ἀλλ’
478 780 557 866 ὑμεῖς
573 779 628 868 μὲν
651 787 756 856 πάντες
778 777 855 874 ὕδωρ
878 783 930 848 καὶ
956 799 1030 874 γαῖα
1057 785 1203 872 γένοισθε.

273 919 327 991 Cf.
353 897 477 991 auctor
496 921 562 992 vit.
577 919 725 994 Homeri
746 923 785 993 in
806 924 939 1022 Opusc.
965 923 1112 1025 Mythol.
1126 952 1162 1023 p.
1179 923 1263 1016 324.
1284 925 1348 999 Sed

270 1026 317 1100 de
345 1029 520 1100 sententia
551 1027 785 1128 Xenophanis
810 1032 904 1104 infra
928 1033 997 1106 erit
1019 1032 1213 1106 disserendi
1235 1031 1339 1107 locus.

781 1239 836 1301 XI.

320 1416 493 1491 Stobaeus
508 1418 548 1489 in
564 1416 747 1518 Florilegii
767 1417 965 1517 appendice
990 1419 1075 1492 edit.
1092 1418 1201 1492 Gaisf.
1226 1421 1264 1491 T.
1287 1421 1334 1493 IV
1337 1474 1346 1512 ‚

270 1551 307 1624 p.
322 1524 368 1618 6,
391 1523 620 1623 Xenophanis
643 1528 860 1611 sententiam
883 1526 1060 1618 referens,
1090 1550 1163 1625 qua
1189 1551 1295 1602 causa
1315 1537 1349 1598 et

269 1634 387 1708 nubes
410 1647 447 1708 et
472 1647 614 1728 cetera,
641 1661 736 1735 quae
762 1637 802 1709 in
830 1633 930 1710 coelo
959 1636 1080 1724 fiunt,
1106 1635 1290 1727 oriantur,
1307 1635 1349 1708 de

269 1741 404 1841 quihus
426 1743 518 1814 infra
541 1741 778 1836 disseremus,
803 1743 997 1816 testimonii
1014 1741 1093 1814 loco
1118 1740 1206 1815 haec
1228 1742 1346 1815 addit:

269 1864 372 1951 γράφει
391 1859 450 1949 γὰρ
470 1845 645 1950 διαρῥήὸὴν·
661 1858 749 1947 Πήγη
771 1846 857 1936 ὅέςι
883 1855 1030 1952 &otiosae
1047 1852 1158 1930 ὕδατος.
1183 1851 1349 1944 Quamvis

271 1960 445 2032 Stobaeus
472 1960 521 2030 ita
543 1958 650 2057 plane
666 1959 735 2033 hoe
749 1961 984 2050 testificetur,
1008 1959 1110 2056 quasi
1130 1959 1170 2030 in
1188 1960 1349 2032 manibus

269 2065 420 2138 haberet
442 2065 671 2164 Xenophanis
696 2066 842 2164 scripta,
856 2065 947 2138 hnec'
957 2076 1078 2138 tamen
1091 2067 1169 2160 jam
1189 2065 1256 2136 diu
1271 2078 1349 2137 ante

258 2175 458 2250 'evanuisse
483 2185 626 2246 certum
652 2187 714 2246 est.
736 2174 782 2244 In
799 2172 1031 2277 compilatore
1047 2173 1156 2248 verba
1177 2199 1252 2245 non
1267 2174 1350 2246 adeo

270 2279 433 2379 urgenda
458 2291 544 2351 sunt
565 2307 572 2351 ε
594 2291 737 2352 tantum
764 2281 984 2379 significant,
1006 2280 1115 2353 fidem
1136 2281 1248 2375 hujus
1268 2279 1350 2352 dicti

143 2435 145 2440 ,
271 2400 308 2461 et
330 2387 545 2459 sententiam
568 2384 614 2458 ab
631 2387 707 2484 ipso
723 2398 858 2459 certam
873 2385 1172 2485 manifestamque
1195 2385 1350 2459 habitam

270 2520 355 2569 esse.
383 2493 537 2568 Videtur
565 2506 689 2567 autem
713 2519 796 2592 pars
825 2493 933 2567 fuisse
959 2492 1128 2568 versiculi
1156 2492 1222 2568 hoc
1247 2493 1349 2568 modo

270 2603 424 2677 ordinati
450 2629 458 2675 :
1036 2629 1041 2640 .

379 2762 429 2774 -
454 2761 504 2774 -·
526 2761 575 2774 -
674 2729 752 2812 no'yn
771 2711 798 2790 d
819 2723 865 2802 ἐςι
884 2721 1029 2788 θάλασσα

366 2839 477 2916 ὕδατος.

267 2951 427 3046 velita:

367 3108 445 3192 πάγη
470 3092 555 3182 ὅέςι
574 3093 706 3169 &dicad
728 3097 831 3175 ὕδατος
859 3139 909 3152 -

269 3259 406 3332 utrovis
429 3257 527 3330 enim
544 3258 649 3331 modo
665 3258 892 3333 conveniunt
909 3259 1067 3332 numeri.
1094 3302 1143 3314 —
1164 3264 1312 3332 θάλασσα
1333 3287 1352 3332 a

82 3361 93 3442 ’,
268 3365 424 3466 physicis
450 3364 543 3437 dicta
560 3379 612 3439 est
636 3369 805 3442 universa
832 3360 1011 3465 aquarum
1036 3366 1171 3457 moles,
1195 3378 1275 3465 ἀρχὴ
1305 3370 1353 3438 καὶ

269 3493 355 3568 σῶμα
379 3486 425 3544 τοῦ
452 3479 556 3553 παντὸς
581 3475 702 3567 ὕδατος,
724 3485 767 3544 ut
795 3474 882 3547 dicit
904 3473 1112 3547 Aristoteles
1134 3475 1270 3547 Meteor
1292 3476 1352 3567 H,

270 3609 316 3676 a,
338 3607 373 3680 p.
399 3579 491 3678 427,
508 3579 546 3650 C.
575 3605 647 3677 quo
670 3607 778 3654 sensu
803 3583 959 3655 occurrit
985 3581 1083 3680 apud
1098 3579 1353 3679 Empedoclem

269 3717 302 3764 v.
327 3690 411 3783 128,
428 3689 484 3762 ed.
502 3689 620 3760 Sturn.
635 3689 728 3761 Cum
742 3689 809 3762 hoc
826 3689 956 3787 placito
969 3691 1138 3767 convenit
1161 3688 1261 3788 quod
1278 3692 1353 3785 jam

266 3797 446 3869 Homerus
466 3794 514 3867 de
540 3799 672 3868 Oceano
695 3797 947 3895 praedicabat,
968 3797 1013 3869 Il.
1040 3828 1070 3898 o.
1106 3795 1173 3897 195
1202 3821 1277 3894 sqq.
1378 3828 1380 3833 ·

269 4067 323 4132 XI.
346 4071 475 4134 Oceanus
497 4075 561 4138 fons
580 4087 622 4135 cst
644 4076 734 4137 omnis
754 4075 889 4138 humoris.
