2842 4884
1117 419 1149 460 11

86 571 275 671 quaerendi
298 569 418 645 studio
440 570 635 660 dederent,
661 571 725 642 hos
750 570 899 644 demum
924 566 1150 668 philosophos

85 703 305 805 appellandos
328 727 401 779 esse
423 704 634 804 Pythagoras
657 702 797 777 censuit
820 701 854 772 ἥ

128 965 171 1033 In
190 961 245 1034 his
265 971 385 1054 autem
413 958 658 1058 cognoscendis
675 960 786 1034 varias
812 959 925 1032 secuti
944 973 1031 1033 sunt
1047 963 1147 1038 rias:

83 1093 160 1185 alii,
178 1094 213 1169 vi
230 1116 401 1165 sensuum
417 1092 598 1182 commoti,
621 1116 872 1190 quaecumque
895 1105 1035 1188 possent
1059 1110 1149 1166 ocu-

81 1223 121 1296 lis
144 1223 365 1322 perspicere,
397 1222 676 1322 investigabant3
706 1221 787 1314 alii,
818 1225 947 1295 mentis
976 1225 1148 1298 instinctu

80 1353 238 1446 incitati,
263 1351 472 1425 abstrusiora
507 1347 847 1449 persequebantur:
874 1352 923 1424 sic
947 1351 1068 1449 plures
1092 1381 1150 1426 ex·

47 1545 49 1558 1
80 1484 246 1556 stiterunt
265 1479 592 1581 philosophantium
613 1481 714 1580 quusi
740 1475 918 1571 familiae,
934 1479 1062 1575 Ionici,
1084 1479 1149 1581 Py-

80 1613 259 1713 thagorei,
287 1611 463 1706 Eleatici3
491 1638 649 1712 quorum
681 1609 875 1709 multiplici
904 1607 1149 1710 disquisitione

79 1756 188 1817 tactae
204 1748 285 1841 ¹jam
298 1753 384 1817 sunt
405 1744 626 1841 gravissimae
648 1743 893 1839 quaestiones,
919 1767 1009 1839 quas
1030 1755 1148 1841 postea

75 1877 205 1950 summi
242 1873 443 1975 philosophi
482 1873 629 1947 uberius
667 1886 945 1971 pertractarunt.
982 1873 1051 1946 Sed
1085 1875 1149 1975 qui

75 2002 179 2103 primi
202 2005 247 2077 ad
266 2005 355 2077 haec
371 2002 602 2094 accederent,
627 2029 849 2102 quamquam
875 2001 1076 2076 incredibili
1091 2030 1148 2076 es-

75 2151 150 2211 sent
164 2140 331 2214 scientiae
349 2139 487 2230 ardore,
506 2149 627 2211 tamen
644 2140 886 2237 experientiae
907 2165 1030 2212 rerum
1046 2153 1149 2214 erant

77 2285 255 2369 expertes,
280 2273 320 2342 in
349 2257 550 2344 disserendo
577 2297 692 2370 paene
726 2271 855 2364 rudes,
879 2273 1041 2346 destituti
1073 2272 1147 2370 ple·
1256 2293 1261 2301 ·

76 2401 191 2500 risque
223 2401 380 2476 discendi
409 2402 681 2493 instrumentis,
711 2401 845 2501 quibus
866 2416 1016 2477 naturae
1033 2403 1149 2478 aditus

76 2543 124 2602 est
146 2531 383 2632 aperiendus3
408 2543 529 2605 contra
555 2532 688 2606 imbuti
713 2536 900 2630 poetarum
931 2531 1083 2626 fabulis,
1112 2547 1149 2608 et

74 2660 151 2758 ipsi,
178 2663 249 2735 nisi
265 2665 406 2761 podtico
422 2663 527 2761 plane
551 2665 705 2762 ingenio,
729 2671 871 2763 poeseos
896 2677 1017 2737 tamen
1032 2665 1149 2738 colore

75 2798 184 2871 tincti.
205 2796 289 2892 Quo
310 2798 444 2871 factum
466 2810 542 2888 est,
568 2810 612 2868 ut
638 2823 732 2894 quae
756 2824 880 2870 rerum
905 2796 1150 2872 observatione

76 2939 109 2997 et
125 2929 333 3028 cogitatione
343 2928 541 3026 perspicere
553 2951 625 2997 non
636 2938 791 3025 possent,
802 2953 856 3018 ea,
870 2927 999 3000 mentis
1008 2929 1149 3024 impetu

76 3057 234 3152 incitati,
260 3057 427 3158 fingendo
450 3055 692 3158 supplerent:
717 3057 766 3130 sic
790 3054 905 3129 multa
925 3056 1148 3157 philosopho-

76 3213 156 3260 rum
177 3203 381 3264 commenta
394 3193 583 3287 poetarum
596 3187 726 3262 fabulis
748 3189 1056 3282 fueruntsimiles3
1076 3217 1147 3263 cos-

76 3322 249 3419 mogonias
277 3317 462 3391 finxerunt
493 3320 666 3418 portentis
693 3331 730 3392 et
753 3318 968 3418 imaginibus
1002 3317 1148 3417 plenas3

76 3463 143 3526 tota
168 3453 327 3552 denique
357 3478 481 3526 eorum
513 3447 732 3550 philosophia
758 3457 900 3549 poeseos
922 3463 1022 3559 tactu
1050 3436 1147 3523 colo-

77 3597 170 3678 rata,
211 3612 286 3658 non
320 3581 429 3683 magis
458 3587 598 3683 φιλόσοφος
623 3596 699 3656 erat
721 3608 830 3682 quam
861 3587 1038 3681 φιλόμυθος,
1075 3589 1148 3652 tam

77 3715 276 3791 fabularum
301 3741 410 3816 quam
437 3715 594 3789 veritatis
621 3741 767 3810 amans,
793 3715 892 3789 unde
919 3741 990 3786 non
1017 3715 1144 3785 imme-

78 3845 141 3919 rito
156 3846 376 3948 philosophia
391 3845 478 3920 haec
500 3849 635 3947 podtica
661 3860 776 3946 potest
802 3844 983 3945 appellari.
1008 3843 1145 3918 Verum

115 4091 153 4173 (Ἴ
174 4097 273 4159 Cicero
290 4097 373 4158 Tusc.
393 4100 445 4174 Qu.
462 4095 503 4168 V,
527 4099 555 4158 3.
