2842 4884
567 403 746 458 mumulus.

614 601 699 670 XIV.

216 814 277 880 Καὶ
300 815 330 880 τὸ
353 813 405 902 μὲν
429 806 475 882 οὖν
499 814 587 909 σαφὲς
611 810 685 888 οὔτις
710 819 784 907 ἀνὴρ
807 803 896 903 γένετ’
919 813 981 882 οὐδέ
1005 839 1047 891 τις
1071 812 1141 898 ἔςαι

217 919 321 1004 εἰδώς,
347 923 417 1015 ἀμφὶ
441 925 520 987 θεῶν
545 945 577 986 τε
601 923 652 986 καί
674 917 755 988 ἅσσα
779 921 856 1012 λέγω
880 925 946 1016 περὶ
967 930 1094 991 πάντων·

218 1031 243 1091 εἰ
267 1030 326 1119 γὰρ
349 1030 399 1092 καὶ
422 1031 459 1094 τὰ
483 1027 600 1117 μάλιςα
624 1029 703 1116 τύχοι
729 1029 928 1117 τετελεσμένον
954 1032 1063 1117 εἰπὼν,

216 1131 298 1210 αὐτὸς
323 1141 397 1224 ὁμῶς
417 1133 468 1226 οὐκ
491 1129 563 1203 οἶδε·
590 1133 669 1210 δάκος
693 1124 720 1202 δ’
746 1138 792 1202 ε’πί
813 1149 885 1203 πᾶσι
910 1141 1053 1204 τέτυκται.

167 1351 238 1422 Hos
250 1375 372 1426 versus
384 1345 507 1422 laudet
524 1351 653 1423 Sextus
670 1352 806 1449 Empir.
826 1351 905 1425 adv.
923 1349 1090 1423 Mathem.
1109 1351 1199 1445 VH,

118 1459 203 1558 49,
219 1471 255 1532 et
279 1484 357 1531 110.
380 1459 490 1548 VIII,
518 1458 601 1530 326.
626 1459 814 1533 Praeterea
840 1461 930 1532 duos
965 1461 1103 1555 priores
1123 1485 1202 1533 ver·
1231 1494 1234 1498 ·

117 1592 178 1638 sus
203 1564 326 1638 laudat
353 1563 534 1638 Plutarch.
556 1565 658 1649 Iud.
684 1556 781 1664 ‘poet
807 1592 846 1664 p.
865 1563 935 1658 15,
959 1565 1110 1660 E(Vol.
1129 1565 1202 1653 VI,

116 1699 155 1769 p.
191 1671 261 1766 61,
299 1671 414 1746 Reisk.
429 1673 468 1766 );
495 1672 610 1770 prima
637 1673 747 1747 verbs
783 1699 900 1771 usque
926 1672 971 1746 ad
995 1675 1076 1752 εἰδὼς
1100 1672 1200 1770 Diog.

117 1777 232 1850 Laert.
260 1777 333 1869 III,
359 1791 441 1850 sect.
471 1803 541 1878 723
568 1803 692 1854 versus
719 1779 867 1852 tertium
884 1792 920 1851 et
938 1790 1111 1876 quartum
1127 1778 1202 1849 Ori-

9 1913 10 1920 ,
120 1911 227 1984 genes
249 1883 450 1983 Philosoph.
467 1912 497 1957 c.
512 1885 614 1978 XIV,
635 1887 672 1956 T.
687 1887 722 1978 I,
749 1913 784 1984 p.
800 1887 872 1986 892
890 1885 971 1984 (ed.
986 1884 1155 1958 Delarue.
1170 1883 1203 1982 );

120 1991 282 2066 Galenus
311 1993 356 2066 de
384 1993 559 2066 different.
592 1993 685 2092 puls.
713 1995 792 2086 III,
829 2020 858 2065 1.
888 1994 933 2064 T.
954 1993 1064 2081 VIII,
1092 2019 1127 2090 p.
1153 1990 1202 2064 62

31 2115 36 2120 '
120 2099 204 2195 (ed.
226 2101 386 2174 Charter.
402 2101 436 2198 );
463 2113 678 2198 postremam
703 2103 918 2173 sententiam
934 2103 1014 2180 (λέκος
1031 2096 1058 2171 ‹t'
1073 2101 1204 2174 Sextus
1312 2162 1314 2166 .

119 2207 256 2305 Empir.
283 2207 455 2304 Pyrrhon.
473 2209 531 2300 Π,
562 2208 621 2302 185
646 2206 793 2280 Proclus
815 2208 854 2278 in
875 2208 1061 2281 Timaeum
1087 2233 1122 2303 p.
1142 2207 1202 2304 78.

172 2402 299 2473 Sextus
325 2401 528 2497 Empiricus
551 2399 628 2474 adv.
653 2399 761 2470 Math.
789 2399 859 2471 VH
871 2452 885 2485 ,
915 2397 973 2495 49.
1000 2369 1048 2496 p.
1063 2397 1135 2470 380
1154 2401 1204 2472 sic

121 2507 185 2578 hos
198 2532 319 2580 versus
331 2509 613 2603 interpretatur:
634 2509 682 2577 διὰ
694 2513 797 2577 τοὺτων
823 2514 881 2604 γὰρ
904 2534 924 2575 ο
936 2537 955 2574 ο
967 2534 987 2603 γ
998 2510 1039 2584 ἐς
1063 2509 1116 2597 μὲν
1129 2507 1203 2582 ἔοικε

119 2616 214 2707 λέγειν
228 2617 356 2694 τάληθὲς
369 2619 422 2681 καί
429 2619 459 2682 τὸ
471 2621 621 2708 γνώριμον·
640 2670 646 2683 .
665 2670 671 2683 .
691 2670 698 2683 .
726 2614 747 2682 οἷ
762 2644 776 2683 ν
789 2616 810 2684 8
818 2643 837 2709 ρ
849 2645 869 2682 α
894 2614 925 2682 δὲ
951 2618 996 2681 τὸν
1020 2611 1201 2708 ἄνθρωπον,

119 2723 164 2816 τῷ
176 2723 272 2816 εἶδικῷ
283 2731 506 2817 καταχρώμενος
519 2727 581 2790 ἀντὶ
592 2734 637 2792 τοῦ
654 2731 788 2817 γένονς··.
804 2778 812 2791 .
830 2777 837 2790 .
855 2776 862 2789 .
881 2725 965 2818 ἀμφὶ
982 2726 1075 2795 θεῶν
1093 2723 1124 2791 δὲ
1138 2729 1203 2792 ὁπο-

111 2829 311 2922 .δειγματικώς
332 2828 399 2924 περί
411 2854 481 2904 τινος
493 2845 548 2896 τῶν
560 2829 686 2908 ἀδήλων·
718 2830 764 2898 δό
777 2859 795 2896 κ
807 2857 847 2924 ον
872 2830 922 2912 δὲ,
947 2834 997 2908 τὴν
1022 2828 1139 2906 δόκησιν
1154 2835 1205 2896 καὶ

119 2938 295 3022 τὴνβδόξαν.
323 2936 382 3020 ώςε
408 2950 520 3006 τοιοῦτον
547 2932 619 3005 εἶναι
644 2944 723 3006 κατὰ
745 2939 907 3019 ἐξάπλωσιν
934 2939 964 3003 τὸ
981 2927 1026 3004 ὑπ’
1050 2939 1133 3007 αὐτοῦ
1158 2937 1222 3006 Ite-=

119 3051 248 3136 γόμενον·
274 3049 305 3112 τὸ
327 3046 380 3134 μὲν
404 3039 451 3113 οὖν
479 3046 591 3124 ἀληθὲς
616 3049 666 3112 καὶ
691 3053 832 3139 γνώριμον
853 3043 938 3117 οὐδεὶς
958 3040 1114 3136 ἅνθρωπος
1130 3039 1202 3132 οἶδε,

120 3161 211 3250 τόγε
235 3153 266 3222 ’ἐν
290 3173 346 3230 τοῖς
370 3153 481 3232 ἀδηλοις
506 3161 673 3249 πράγμασι·
702 3153 761 3222 κοῖν
790 3159 849 3247 γὰρ
872 3159 905 3242 ἐκ
938 3156 1029 3242 τύχης
1058 3154 1204 3245 ἐπιβάλλῃ

120 3266 225 3356 τούτῳ,
244 3259 321 3352 ὅμως
340 3265 388 3332 οὐκ
407 3257 478 3331 οἶδεν
494 3262 538 3332 ὅτι
556 3263 753 3350 ἐπιβέβληκεν
773 3258 867 3355 αὐτῷ,
881 3253 945 3329 ἀλλ’
957 3267 1044 3329 οἴεται
1057 3267 1107 3329 καὶ
1117 3263 1203 3331 δοκεῖ.
1280 3322 1285 3328 ,

119 3367 175 3437 Ite
219 3367 359 3438 Sextus.
387 3367 441 3438 De
479 3369 655 3440 sententia
701 3368 793 3440 infra
832 3365 1074 3459 disseremus,
1105 3392 1205 3438 nune

117 3472 230 3548 verba
255 3473 464 3572 explicanda
488 3487 583 3549 sunt.

121 3723 207 3789 XIV.
230 3725 289 3791 Nec
309 3728 363 3788 fuit
382 3731 527 3808 quisquam
544 3747 632 3808 neque
652 3729 762 3788 futurus
782 3725 889 3805 estqui
910 3737 986 3784 certo

230 3823 300 3878 sciat
321 3817 408 3894 haec,
429 3839 498 3898 quae
518 3818 552 3878 de
570 3821 631 3878 Diis
651 3833 678 3878 et
698 3819 733 3880 de
755 3819 831 3879 omni
850 3829 949 3876 natura
970 3815 1101 3896 praedico
1116 3815 1128 3876 'z

230 3929 294 3968 num
314 3908 377 3969 licet
394 3909 492 3989 aliquIs
511 3931 573 3968 cum
594 3911 712 3970 maxime
729 3928 826 3968 verum
846 3919 992 3984 ratumque
1011 3904 1102 3982 dieat,

130 4071 132 4073 Ι
232 3997 262 4057 id
286 4011 378 4060 tumen
400 4001 459 4082 ipse
480 3999 556 4060 haud
575 4012 653 4060 certo
678 4001 753 4076 scit,
775 3997 824 4058 sed
844 3997 955 4078 opinari
975 4007 1085 4056 tautum
1103 3996 1139 4058 de
1159 4018 1204 4057 re-

1055 4087 1108 4148 bus
1127 4087 1202 4147 licet.

1007 4183 1054 4275 μ
