2842 4884
246 402 310 468 156
664 424 702 465 nn
725 423 918 466 moremus

238 574 371 673 'cinunt
398 573 554 673 quaein
584 574 715 649 vetusti
745 575 912 646 carminis
936 573 1084 672 Orphici
1114 572 1322 672 fragmento

242 681 422 757 hahentur
448 680 505 752 ²⁶:
1218 762 1225 775 Ι

414 814 528 937 πνμάπη
553 848 583 916 δὲ
617 848 703 933 βάσις
735 827 840 939 χθονὸς
865 844 962 917 ἔνδοθι
986 844 1069 944 ῥίζαι
1405 809 1406 818 i

340 960 483 1049 Τάρταρα
513 948 541 1023 δ’
569 956 709 1051 εὐρώεντα
735 960 786 1023 καὶ
809 955 926 1045 ἔσχατα
947 964 1071 1049 πείρατα
1097 963 1190 1047 γαίης.

241 1136 316 1240 Nec
338 1144 462 1235 poetae
484 1150 643 1230 tantum,
657 1140 717 1212 sed
735 1140 841 1212 etiam
856 1137 1078 1236 philosophi,
1096 1162 1318 1235 quamquam
1406 1211 1407 1214 ,

240 1244 369 1316 mundi
386 1246 533 1340 liguram
552 1243 655 1315 aliter
671 1247 921 1335 informarent,
941 1246 1178 1341 praecipuum
1196 1257 1318 1315 tamen
1407 1257 1409 1414 Ι

239 1352 336 1423 'inter
359 1376 504 1449 corpora
526 1351 686 1425 coelestia
705 1353 827 1425 locum
850 1353 1029 1425 dederunt
1042 1350 1189 1442 telluri,
1207 1376 1320 1448 quam

240 1457 341 1535 Plato
372 1460 411 1530 in
442 1460 582 1530 Timaeo
611 1472 656 1551 ²⁷,
684 1462 903 1536 veteriorum
933 1458 1158 1555 physicorum
1188 1457 1321 1554 placita

240 1576 407 1656 seculUS,
434 1564 592 1660 appellat
616 1576 732 1661 πρώτην
755 1573 806 1635 καὶ
827 1567 1029 1662 πρεσβυτάτην
1053 1570 1131 1632 θεῶν
1158 1563 1215 1633 ὅσα
1241 1564 1320 1643 ἐντός
1408 1551 1410 1708 Ι

239 1676 351 1768 ούρανοῦ
378 1682 526 1768 γεγόνασι.

288 1780 367 1849 Jam
391 1803 483 1851 vero·
513 1779 551 1847 in
577 1778 670 1849 hanc
698 1791 812 1850 terrae
842 1779 1020 1875 marisque
1042 1776 1319 1874 descriptionem
1382 1859 1388 1872 ,

238 1910 347 1984 quam
363 1910 491 1982 parum
505 1898 677 1983 congruat
690 1885 952 1958 elementorum
966 1885 1073 1971 notio,
1090 1884 1202 1956 cuivis
1214 1908 1320 1983 appa·

240 2007 332 2086 reat,
358 2019 478 2092 neque
500 1995 726 2083 mirandum,
748 1996 960 2067 recentiores
976 1996 1040 2091 qni
1057 1994 1122 2065 hac
1137 1994 1320 2089 interpre-

240 2104 373 2173 tatione
400 2112 592 2172 uterentur
605 2126 735 2196 parum
751 2101 817 2172 sibi
835 2102 1043 2192 constitisse,
1063 2112 1100 2171 et
1112 2098 1216 2169 modo
1245 2110 1315 2170 ten

239 2223 317 2277 ram
344 2206 449 2275 modo
473 2218 605 2275 terram
628 2218 665 2276 et
682 2232 813 2303 aquam
838 2206 1049 2302 Xenopheni
1074 2205 1312 2276 attribuisse:

239 2338 398 2410 qnorum
417 2324 616 2408 utrumque
640 2316 773 2409 pariter
790 2316 868 2407 ejus
886 2316 1081 2386 sententiae
1094 2338 1313 2413 congruum,

239 2416 297 2494 vel
321 2418 437 2514 potius
468 2417 625 2490 alienum
654 2431 740 2490 erat.
1411 2431 1412 2510 l

288 2523 510 2597 Retulerunt
526 2529 634 2597 etiam
651 2526 819 2598 nonnulli
843 2526 889 2619 ²⁸,
912 2528 1123 2624 Xenoplrani
1142 2524 1316 2623 placuisse
1411 2535 1412 2554 ¹

239 2636 272 2716 ἐξ
297 2634 376 2729 aspir
407 2626 457 2701 καῖ
477 2639 561 2729 πνρὲς
590 2654 775 2728 συμπαγῆναι
800 2645 850 2717 τὴν
873 2653 949 2727 γῆν,
977 2634 1072 2729 quod
1097 2634 1233 2704 dictum
1258 2632 1309 2719 si,

240 2751 283 2811 ut
313 2738 365 2810 illi
394 2738 642 2828 tradiderunt,
673 2742 721 2811 sic
750 2742 892 2838 proprie
923 2739 1171 2836 accipiendum
1198 2754 1309 2835 esset,

240 2858 372 2917 terram
396 2871 440 2917 ex
463 2847 552 2916 aeris
580 2848 744 2944 ignisque
764 2846 951 2919 elementis
976 2859 1178 2917 concretam
1200 2859 1236 2917 et
1255 2873 1310 2917 or·

240 2964 314 3022 tam
344 2976 439 3041 esse,
463 2977 656 3048 sanequam
679 2954 833 3025 maxime
858 2980 877 3023 a
900 2966 971 3022 tota
988 2955 1066 3042 ejus
1089 2954 1224 3024 ratione
1251 2953 1307 3024 ah

240 3058 377 3148 horret,
393 3071 430 3129 et
453 3058 649 3131 Xenocrati
663 3062 907 3156 potiusquam
922 3056 1132 3154 Xenophani
1146 3059 1313 3132 tribuen-

283 3312 346 3390 (26)
369 3312 474 3393 Orphei
501 3314 602 3392 fragm.
622 3315 682 3389 VI,
703 3336 746 3375 vs.
772 3318 811 3397 39
831 3335 871 3393 sq.
892 3336 921 3395 p.
945 3311 1006 3391 458
1027 3313 1071 3373 ed.
1093 3315 1189 3372 Herm.
1209 3314 1313 3391 inquo

242 3405 364 3463 carmine
384 3404 463 3483 plura
484 3417 634 3463 occurrunt
655 3405 677 3463 si
698 3426 756 3464 non
779 3427 794 3464 a
812 3426 944 3484 germano
964 3406 1013 3464 illo
1033 3404 1146 3484 Orpheo
1167 3404 1312 3483 profecta,

241 3506 333 3553 tamen
353 3515 387 3553 cx
408 3492 530 3573 Orphica
561 3495 679 3572 quadam
699 3496 744 3555 vel
775 3495 922 3575 theogonia
935 3496 978 3556 vel
994 3495 1174 3573 cosmogonia
1191 3492 1275 3551 ducta
1288 3503 1315 3550 et

240 3586 422 3665 perantiqua3
443 3583 530 3643 veluti
549 3606 644 3645 versus
665 3607 732 3665 quos
753 3599 886 3645 memorat
906 3584 1069 3645 Aristoteles
1088 3606 1111 3642 s.
1132 3595 1229 3641 auctor
1248 3582 1311 3641 libri

241 3673 276 3733 de
297 3674 406 3733 Mundo
433 3696 457 3733 c.
482 3696 508 3756 7.
542 3674 577 3733 Τ.
601 3676 634 3749 Ι,
660 3698 688 3757 p.
714 3675 774 3757 475
800 3678 831 3734 F.
856 3676 889 3734 ln
909 3675 952 3734 his
971 3688 1062 3733 autem
1085 3673 1214 3754 Orphicis
1236 3671 1316 3751 plura

240 3764 401 3822 ferebantur
426 3765 528 3844 placita
550 3765 665 3824 Homeri
692 3778 720 3823 et
744 3764 861 3825 Hesiodi
886 3765 987 3825 fabulis
1015 3763 1124 3824 similia.
1148 3763 1186 3822 cl.
1215 3762 1251 3821 G.
1278 3760 1316 3820 H.

241 3852 336 3929 Rode,
358 3856 485 3937 Orpheus
504 3878 531 3935 p.
557 3852 622 3934 148.

281 3976 347 4058 (27)
367 3977 443 4038 Plato
460 3980 533 4038 Tim.
554 4001 583 4061 p.
607 3976 646 4056 4ο
673 3980 704 4039 G.
725 3978 770 4037 Cf.
797 3976 894 4037 Galen.
909 3976 984 4038 Hist.
1001 3977 1073 4036 Phil.
1095 3974 1148 4037 Xl.
1169 3998 1199 4058 p.
1222 3973 1263 4054 34
1278 3976 1315 4035 D.

284 4096 347 4179 (28)
367 4098 507 4162 Plutarch.
528 4102 599 4182 plac.
613 4100 695 4197 thil.
714 4100 759 4159 ΠΙ
770 4142 781 4171 ,
801 4123 831 4183 9.
853 4099 952 4161 Galen.
969 4099 1039 4163 ibid.
1060 4120 1086 4159 c.
1106 4098 1193 4160 XXI.
