2842 4884
274 385 319 452 62
715 376 912 450 amomum

176 547 179 553 ,
271 567 371 654 Πίσα,
395 565 476 640 πόλις
500 566 549 632 καί
571 571 661 658 κρήνη
687 579 737 644 τῆς
758 554 933 653 Ὀλυμπίας.
960 560 1027 631 Hic
1053 571 1174 632 aulem
1197 559 1354 633 notanda

272 668 383 740 forma
408 674 517 756 Πίσαν,
546 692 640 764 quae
663 679 700 740 et
724 667 816 738 infra
837 693 887 740 vs.
909 691 952 737 21
980 665 1158 754 occurrit,
1191 666 1299 739 ducta
1333 693 1355 738 a

272 800 368 847 nom.
394 781 489 854 Πίσας
506 771 564 850 vel
584 779 694 862 Πίσης,
718 786 761 846 ut
784 771 1036 849 animadvertit
1059 771 1257 871 Schweigh.
1274 773 1310 845 h.
1326 772 1354 844 l.

321 933 369 982 vs.
398 908 432 998 4.
460 914 633 990 πυκτοσύνην
667 911 736 1004 ἀλγ.
768 908 860 1001 ἔχων.
888 909 958 980 Pro
980 909 1062 1001 ἔχων
1089 904 1235 978 mallem
1258 912 1354 995 ἑλὼν,

274 1013 319 1086 ab
344 1022 524 1113 αἱρεῖσθαι,
557 1016 654 1114 quod
679 1015 853 1116 significat
881 1023 938 1088 raa·
966 1023 1076 1088 alicui
1102 1013 1269 1103 studere,
1296 1043 1356 1090 ve-

272 1119 343 1193 luti
359 1123 397 1192 in
421 1121 488 1193 hoc
505 1120 649 1194 Pindari
662 1122 761 1195 dicto
776 1149 784 1195 :
802 1127 905 1194 εὐθεῖα
923 1126 958 1207 δὴ
987 1127 1124 1201 calcator
1139 1130 1244 1219 ἀρετὰν
1266 1127 1355 1193 ἑλεῖν.

272 1228 396 1326 fragm.
420 1227 478 1327 75.
504 1227 654 1300 Boeclrh.
689 1231 733 1302 cf.
760 1230 892 1304 Herod.
919 1229 998 1320 III,
1021 1229 1079 1300 52.
1103 1229 1284 1301 Demosth.
1311 1229 1357 1302 de

273 1335 398 1516 ἓίιξρ.
413 1361 449 1435 ρ.
466 1332 558 1427 332,
580 1332 614 1406 5.
634 1335 816 1408 Plutarch.
833 1337 879 1409 de
899 1338 1060 1432 sanitate
1073 1338 1110 1407 T.
1125 1337 1199 1429 VI,
1215 1364 1251 1434 p.
1270 1335 1356 1434 469.

261 1625 264 1641 .
320 1600 370 1650 vs.
409 1573 442 1647 5.
474 1585 529 1644 υ..
561 1583 591 1647 a
616 1579 722 1665 νίν,
749 1602 770 1649 e
795 1576 1021 1652 walarum
1045 1543 1186 1650 emani.
1213 1601 1358 1675 recepe-

215 1696 217 1699 ’
271 1696 360 1757 runt
384 1683 581 1782 Schweigh.
609 1696 645 1755 et
668 1684 831 1757 Dindorf.
856 1685 952 1758 Libri
971 1697 1027 1756 εἴτε
1051 1714 1079 1756 τι
1102 1687 1203 1758 δεινὸν.

321 1837 370 1890 VS.
397 1809 432 1886 6.
460 1816 623 1913 κυδρότερος
650 1833 798 1914 πρυςυρᾶν.
822 1815 1020 1888 Casaubon.
1044 1811 1241 1913 Schweigh.
1278 1816 1356 1886 ste-

272 1921 381 2022 phan.
410 1917 590 1994 dederunt
615 1925 777 2020 κυδρότερος
793 1929 861 2019 πρὸς
878 1924 982 2020 ἄκρα,
1010 1922 1109 2021 quod
1129 1922 1358 2018 interpretati
1377 1923 1381 1932 '

273 2043 387 2121 sunt,
433 2037 530 2123 lonqa
565 2035 648 2100 aliis
691 2032 925 2102 venerabilior
965 2033 1038 2130 sive
1076 2038 1170 2122 louqe
1201 2035 1357 2100 omnium

273 2141 570 2231 qloriosissima33
595 2132 711 2209 veluti
739 2142 808 2232 πρὸς
833 2137 915 2233 ἄκρα
941 2136 1039 2208 idem
1062 2132 1198 2210 valeret
1221 2161 1261 2206 ac
1275 2143 1359 2232 παρὰ

273 2246 344 2314 πολὺ
356 2259 377 2333 ,·
393 2242 459 2313 etsi
471 2240 565 2312 lianc
578 2239 773 2313 dictionem
786 2239 968 2314 Graecitas
980 2268 1055 2314 non
1069 2241 1237 2341 agnoscit.
1252 2241 1358 2314 Prae·

274 2359 374 2422 terea
396 2347 510 2422 variat
531 2344 631 2418 codd.
674 2347 850 2446 scriptura
877 2375 885 2420 :
910 2350 972 2420 llls.
999 2350 1037 2420 Α.
1063 2363 1229 2446 προςερνῖν,
1256 2346 1359 2419 unde

275 2467 359 2528 nata
394 2467 447 2528 est
472 2454 621 2526 Jacobsii
645 2456 849 2528 emendatio
879 2474 1040 2554 προςνρᾶν,
1064 2457 1191 2528 merito
1214 2467 1361 2552 recepta

275 2563 459 2636 Dindorfio
490 2583 498 2632 ε’
532 2570 585 2632 cst
622 2563 721 2636 enim
748 2576 820 2634 tam
859 2561 1073 2654 luculenta,
1089 2573 1144 2659 'ut
1184 2561 1361 2633 similium

276 2667 527 2769 exemplorum
542 2669 806 2766 comparatione
824 2695 904 2741 eam
920 2671 980 2744 vix
993 2695 1084 2767 opus
1096 2670 1141 2740 sit
1158 2667 1359 2759 illustrare,

257 2767 380 2854 *Velut
405 2775 572 2875 Aeschyli
595 2775 776 2848 Prometh.
795 2775 867 2868 246
884 2805 892 2849 :
907 2780 993 2876 ρδυις
1017 2770 1135 2855 ἐλεεινὸς
1159 2785 1266 2871 εἷςυρυῖν
1287 2783 1359 2869 ἐγώ.

276 2883 322 2957 al.
348 2909 442 2982 quae
467 2881 591 2956 laudat
613 2883 688 2981 ipse
712 2883 836 2955 Jacobs
859 2883 1039 2956 Additam.
1065 2884 1105 2953 in
1129 2882 1361 2954 Athenaeum

165 3057 167 3062 ,
276 3017 313 3094 p.
344 3019 423 3066 220.
452 2991 521 3063 Pro
549 2993 711 3090 κυδρότερος
741 2990 824 3064 libri
849 2993 998 3088 quidam
1025 2992 1101 3063 Mss.
1126 3004 1163 3064 et
1190 2989 1281 3063 Edd.
1310 3021 1360 3086 νε-

278 3098 430 3195 δρότερος;
455 3097 599 3212 fortaase
624 3097 807 3171 voluerint
830 3100 999 3194 κεδνότερνς.

329 3245 377 3291 vs.
407 3219 441 3288 8.
472 3213 527 3289 σῖτ’
558 3227 612 3317 εἴη.
646 3219 744 3290 Haec
774 3219 977 3292 emendatio
1012 3219 1166 3293 debetur
1199 3219 1361 3317 Turnebi

279 3325 456 3416 acumini3
482 3322 566 3395 libri
589 3335 705 3412 σιτείη,
730 3349 803 3422 qua
828 3325 982 3398 lectione
1008 3327 1185 3399 claudicat
1211 3339 1361 3400 senten.-

279 3431 353 3523 tia,
379 3456 464 3503 cum
492 3431 646 3503 verbum
673 3432 765 3502 desit
799 3433 844 3503 ad
866 3433 962 3531 quod
996 3432 1035 3503 in
1053 3458 1104 3531 sq.
1131 3459 1180 3505 vs.
1201 3435 1289 3529 δῶρον
1306 3459 1362 3505 re-

279 3539 427 3611 feratur.
453 3535 621 3608 Aliorum
649 3541 872 3634 conjecturas
898 3541 1044 3630 omitto,
1069 3565 1159 3638 quas
1187 3552 1363 3611 memorat

279 3642 520 3718 casaubonus.
542 3688 589 3698 —
606 3641 663 3715 σῖτ’
679 3646 716 3717 h.
736 3673 767 3719 e.
786 3669 869 3737 σῖτα,
890 3648 1002 3720 forma
1021 3645 1171 3746 plurali,
1189 3647 1285 3720 idem
1303 3674 1363 3721 va-

279 3746 331 3826 let
354 3753 451 3852 quod
475 3763 562 3826 σιτία.
582 3753 790 3853 Utrumque
808 3769 931 3830 autem
954 3757 1097 3829 honoris
1120 3779 1253 3854 genus,
1277 3782 1363 3851 προε-

282 3863 365 3957 δρίαν
390 3875 427 3935 et
454 3873 590 3953 σίτησιν,
617 3886 710 3959 quae
739 3861 856 3936 laudis
885 3865 1100 3962 virtutisque
1127 3874 1230 3934 crant
1254 3887 1364 3958 prac-

283 3968 353 4038 mia
372 3970 468 4065 apud
492 3967 666 4062 Graeeoa,
693 3970 882 4072 conjungit
906 3972 1015 4044 ctiam
1038 3967 1218 4067 Aristoph.
1237 3969 1361 4066 Equit.

282 4096 331 4145 vs.
363 4071 433 4172 575
462 4102 469 4145 :
