2842 4884
255 404 320 473 148
661 420 700 461 on
723 416 915 461 xnnornnus

252 590 282 653 ἐν
310 580 348 658 οἷς
362 585 459 674 γαῖαν
483 578 662 673 ὕδειφὺρων
682 573 829 670 Ἥφαιςος
857 580 910 654 τὴν
937 587 1062 664 pratas
1084 572 1221 639 πλάττει·
1251 567 1332 639 οὕτω

253 689 357 759 δὲκαὶ
380 687 536 782 Ξενοφάνης
563 710 612 752 πω
637 684 753 775 λέγεται
782 688 886 749 εἰπεῖν·
918 694 927 703 “

350 916 457 983 πάντες
481 912 539 1001 γὰρ
564 914 647 999 γαίης
672 930 702 971 τε
728 904 780 971 καὶ
804 899 905 978 ὕδατος
932 902 1148 991 ἐκγενόμεσθα.
1237 974 1245 985 η

257 1098 321 1171 Isti
338 1098 377 1169 in
396 1094 664 1194 interpretando
688 1095 781 1165 hanc
801 1092 868 1164 sihi
891 1090 1133 1163 concedebant
1148 1089 1336 1177 licentiam

254 1215 324 1294 ut,
354 1206 383 1275 si
409 1228 502 1299 quae
528 1203 611 1298 ipsis
637 1212 826 1272 auctorum
852 1197 969 1272 verbis
998 1198 1136 1294 prodita
1163 1222 1236 1267 non
1270 1221 1334 1267 es-

254 1321 361 1399 sent,
392 1334 434 1381 ea
464 1308 673 1407 cogitatione
700 1304 922 1402 supplerent.
955 1303 1061 1395 Quod
1091 1306 1120 1375 si
1152 1305 1190 1373 in
1218 1305 1336 1400 potitis
1420 1342 1421 1345 ¹

253 1417 396 1488 fortasse
430 1415 557 1507 liceat,
588 1427 624 1484 at
652 1412 942 1510 philosophorum
973 1411 1103 1507 placita
1133 1410 1200 1483 hoc
1225 1411 1335 1483 modo

254 1520 464 1619 interpolari
490 1523 571 1618 quis
598 1518 754 1616 probet?
784 1518 951 1615 Diogenis
985 1519 1228 1589 testimonium
1263 1517 1334 1591 hoc

198 1648 205 1663 '
255 1642 466 1729 argumento
508 1630 589 1700 satis
625 1628 825 1699 refutatum
870 1625 1035 1717 videtur3
1066 1637 1201 1697 restant
1226 1625 1330 1717 duo,
1420 1626 1421 1683 l

144 1728 174 1835 ἰ
255 1761 349 1834 quae
372 1734 590 1832 exploranda
613 1746 698 1805 sunt
727 1760 735 1803 :
759 1757 917 1829 quorum
942 1733 1105 1828 quamvis
1128 1745 1332 1829 utrumque

258 1842 370 1937 ipsius
395 1840 553 1912 auctoris
583 1838 744 1912 versibus
772 1840 933 1927 nitatur,
959 1836 1039 1934 quis
1062 1850 1182 1907 tamen
1208 1838 1332 1909 credat

257 1946 356 2019 hune
383 1948 422 2017 in
448 1944 730 2043 philosophando
754 1957 827 2015 tam
853 1942 989 2015 diversa
1015 1940 1142 2038 placita
1166 1955 1335 2015 secutum

256 2050 360 2123 esse?
380 2052 473 2123 Hinc
493 2076 574 2147 ergo
590 2049 707 2147 colligi
727 2048 826 2140 ficet,
852 2046 909 2123 vel
935 2049 1065 2119 horum
1087 2073 1260 2123 versuum
1277 2047 1335 2118 al·

257 2170 439 2242 terutrum
471 2158 611 2231 falsum¹
630 2184 728 2248 esse,
760 2157 819 2233 vel
846 2156 954 2229 talem
976 2157 1081 2228 fuisse
1102 2158 1334 2254 Xenophanis
1420 2148 1421 2157 ¹

256 2265 470 2336 sententiam
492 2317 502 2353 ,
524 2290 609 2360 ¹qua
642 2263 746 2334 ambo
776 2261 838 2333 illa
869 2262 997 2360 placita
1027 2261 1197 2358 explicari
1222 2276 1334 2360 atque
1420 2312 1421 2315 =

255 2368 351 2440 inter
369 2394 406 2441 se
429 2368 607 2441 conciliari
631 2366 775 2466 possint.
806 2369 1000 2466 Utriusque
1024 2370 1134 2465 igitur
1158 2370 1336 2466 opinionis

257 2480 446 2549 auctoritas
472 2478 706 2549 examinanda
730 2488 794 2549 est.
1420 2470 1421 2497 l

303 2584 465 2655 Primum
490 2585 665 2681 opinionis
691 2586 793 2677 ejus,
822 2610 894 2681 qua
919 2597 1017 2656 torro
1043 2596 1080 2657 et
1105 2610 1197 2681 aquo
1220 2586 1335 2659 Xeno·

250 2688 366 2787 phani
379 2690 604 2770 ¹tribuuntur
620 2691 813 2787 principia,
830 2693 859 2760 si
876 2690 1012 2761 fontem
1035 2690 1243 2787 indagamus
1257 2744 1267 2782 ,
1286 2689 1334 2764 de

256 2820 432 2893 coquam
459 2822 587 2894 parum
609 2810 838 2894 perspectum
860 2811 896 2869 et
919 2796 1144 2895 exploratum
1162 2799 1250 2894 ⁷ipsis
1273 2824 1336 2871 ve·
1420 2832 1421 2891 3

256 2902 392 2974 teribus
419 2904 545 2995 suerit,
563 2916 661 3001 patet
688 2918 735 2977 ex
757 2904 799 2975 iis
829 2930 922 3001 quae
945 2906 1132 2977 doctissimi
1157 2906 1336 3001 interpre-
1420 2896 1421 2937 l

256 3018 309 3081 tes
331 3010 383 3079 Jo.
399 3009 616 3107 Philoponus
643 3023 679 3083 et
704 3010 909 3108 Simplicius
934 3013 974 3083 in
998 3013 1260 3085 commentariis
1288 3014 1336 3087 ad
1420 3032 1421 3091 i

253 3112 452 3188 Aristotelis
482 3116 627 3214 'physica
663 3116 883 3189 retulerunt.
921 3118 988 3191 Hic
1027 3122 1124 3191 enim
1156 3144 1242 3191 cum
1274 3120 1334 3191 di-

255 3230 333 3309 cat,
362 3220 588 3318 physicorum
619 3221 806 3319 plerosque
830 3224 1005 3294 contraria
1030 3224 1151 3296 fecisse
1178 3237 1332 3299 naturae
1420 3310 1421 3313 Ἴ

259 3327 457 3425 principia,
477 3332 571 3401 inter
594 3355 683 3426 quos
707 3327 893 3401 nonnullis
917 3336 948 3399 τὸ
970 3335 1053 3427 ὑγρὸν
1078 3338 1127 3399 καὶ
1150 3334 1235 3427 ξηρὸν
1255 3330 1332 3428 pla-

253 3434 368 3507 cuisse
400 3443 450 3523 ¹⁰,
484 3436 540 3506 isti
577 3436 726 3533 quinam
760 3434 984 3533 intelligendi
1018 3430 1137 3509 essent
1166 3436 1330 3509 multum
1420 3436 1421 3529 l

254 3542 512 3637 quaesiverunt
535 3553 572 3613 et
589 3543 834 3638 disceptarunt
851 3543 1064 3637 interpretes
1079 3568 1086 3611 :
1101 3540 1161 3618 alii
1180 3541 1330 3613 Parme·
1420 3552 1421 3557 ’

254 3646 401 3740 nidem,
419 3648 479 3719 alii
503 3647 756 3744 Empedoclem
780 3650 965 3747 significari
988 3660 1225 3745 putaverunt3
1242 3650 1328 3719 Por-

255 3749 403 3851 phyrius
423 3754 682 3851 Xenophanem
706 3752 905 3846 intellexit,
931 3766 975 3825 ut
1002 3778 1110 3850 supra
1134 3755 1186 3825 Jo.
1211 3753 1329 3843 Philo-
1420 3772 1421 3779 ’

254 4012 358 4177 fpp
377 4012 491 4161 aptot.
519 4012 601 4095 Phys.
626 4012 659 4087 1,
687 4010 716 4071 s.
737 4032 767 4092 p.
791 4008 867 4088 258,
892 4010 927 4070 s.
952 4010 989 4069 cr.
1016 4008 1052 4070 aa
1075 4010 1104 4071 a.
1127 4010 1147 4073 r.
1167 4012 1327 4094 simplicius
1420 3984 1421 3991 ‘

268 4120 303 4160 o.
354 4120 362 4159 ι
376 4144 386 4176 ,
433 4144 440 4159 .
