2842 4884
297 394 358 462 176
701 412 742 453 on
762 411 953 453 moenum

293 580 442 639 naturae
478 562 699 658 eandemque
730 562 907 631 infinitam
940 560 1092 651 faceret,
1120 558 1301 656 quomodo
1338 558 1376 629 is

292 674 467 745 infinitam
490 694 564 740 esse
586 666 805 739 mundorum
827 664 1098 737 multitudinem
1122 665 1243 761 potuit
1267 663 1375 735 arbi·

293 775 410 850 trari?
428 775 525 868 Quos
542 798 624 845 vero
655 769 873 843 intellexerit
894 769 1079 842 mundos?
1096 771 1157 840 An
1183 768 1294 841 solem
1330 782 1376 841 et

292 880 436 957 sidera?
458 885 506 950 Ea
528 876 661 949 scilicet
688 901 782 972 quae
803 889 919 948 terrae
941 879 1119 973 marisque
1139 874 1258 947 halitu
1279 902 1375 972 pro-

293 998 432 1077 creata,
456 1008 575 1080 neque
595 980 712 1053 stabili
735 982 911 1078 firmaque
933 995 1064 1053 natura
1079 992 1238 1053 constare
1255 995 1375 1077 puta-

293 1092 377 1167 bat?
390 1093 449 1163 Au
464 1090 646 1161 infinitum
659 1087 879 1159 mundorum
891 1113 1088 1160 numerum
1101 1099 1224 1158 mente
1239 1088 1373 1179 finxit,

293 1227 382 1299 quos
404 1198 516 1271 oculis
534 1222 608 1268 non
624 1194 937 1292 adspectaremus?
958 1199 1007 1266 At
1030 1195 1069 1266 id
1091 1221 1111 1266 a
1133 1195 1375 1291 Xenophanis

293 1312 428 1382 ratione
452 1307 638 1392 abhorret,
656 1305 721 1401 qui
743 1316 875 1375 terram
898 1306 1005 1375 totius
1029 1304 1158 1375 mundi
1180 1306 1373 1375 omnium-

293 1442 365 1515 que
383 1440 504 1488 rerum
524 1411 732 1510 genitricem
753 1410 925 1500 faciebat,
951 1422 988 1481 et
1011 1410 1051 1479 in
1074 1408 1280 1506 quaerenda
1299 1436 1372 1483 na·

293 1535 375 1594 tura
398 1520 443 1591 ad
468 1518 657 1589 oculorum
680 1540 823 1587 sensum
848 1517 967 1587 omnia
994 1515 1179 1587 referebat.

341 1628 379 1697 Si
404 1624 524 1722 placiti
548 1623 660 1716 hujus
683 1622 871 1692 auctoritas
892 1634 1088 1718 quaeratur
1099 1646 1158 1713 ea,
1183 1621 1371 1692 seriorum

207 1815 210 1823 Ι
293 1734 494 1807 testimonio
508 1732 653 1821 nititur,
666 1727 779 1803 veluti
800 1728 955 1818 Stobaei,
981 1730 1046 1825 qni
1067 1729 1261 1800 sententiae
1279 1732 1370 1822 ejus

293 1853 453 1913 auctores
464 1861 698 1925 enumerans,
715 1834 1022 1906 Anaximandrum
1034 1886 1049 1919 ,
1074 1820 1366 1926 Anaximenem,

293 1945 528 2034 Archelaum,
551 1939 1365 2040 Xenophanem,Diogenem(Apolloniatem),

292 2055 548 2149 Leucippum,
577 2050 849 2133 Democritum,
881 2048 1105 2145 Epicurum,
1138 2047 1178 2118 hi
1207 2064 1365 2140 omnes,

293 2160 436 2257 inquit,
463 2170 627 2228 statuunt
654 2164 765 2252 aspa
789 2166 907 2246 asam
939 2161 968 2223 a
995 2156 1037 2248 τῷ
1063 2164 1171 2250 arcp,
1196 2164 1275 2226 κατὰ
1301 2174 1365 2225 ua-

293 2296 348 2336 σαν
373 2273 554 2361 περιαγωγὴν
580 2262 615 2331 ⁸⁵.
643 2262 763 2354 Quam
794 2261 1015 2359 negligenter
1043 2260 1130 2333 hacc
1161 2288 1181 2332 a
1208 2260 1365 2334 Stobaeo

266 2370 402 2444 -selata
433 2370 526 2459 sint,
553 2372 627 2464 jam
655 2394 699 2440 ex
726 2393 768 2438 eo
783 2380 902 2463 patet,
927 2368 1024 2465 quod
1049 2366 1141 2440 illud
1164 2378 1242 2441 κατὰ
1271 2399 1365 2466 περι-

293 2486 409 2573 αγωγὴν
433 2476 540 2548 unice
561 2474 748 2549 conveniat
770 2476 811 2544 iu
832 2474 1074 2547 Democritum
1099 2478 1251 2571 ejusque
1274 2476 1364 2547 doo-

295 2586 407 2657 trinae
430 2582 615 2674 aemulos,
643 2584 706 2679 qui
736 2594 935 2654 atomorum
962 2583 1180 2653 circumactu
1206 2583 1365 2655 mundos

294 2690 383 2765 effici
395 2688 603 2775 censebant;
622 2715 641 2759 a
656 2688 881 2784 Xenophanis
891 2687 1075 2785 opinione,
1089 2688 1154 2784 qui
1177 2688 1363 2759 mundum

293 2796 409 2871 stabili
431 2796 663 2867 fundamento
690 2796 925 2865 constitutum
951 2819 1018 2865 uec
1046 2792 1228 2892 globosum
1253 2806 1362 2889 puta-

293 2902 370 2996 bat,
404 2927 546 3000 prorsus
572 2899 731 2973 alienum
769 2912 831 2970 est.
861 2900 1031 2990 Accedit,
1070 2900 1168 2997 quod
1206 2902 1243 2969 in
1271 2924 1362 2970 auc-

293 3010 426 3081 toribus
438 3008 547 3102 hujus
559 3005 679 3103 placiti
692 3006 926 3077 memorandis
937 3032 1008 3079 non
1021 3006 1250 3079 conveniunt.
1263 3004 1361 3077 Cum

294 3114 441 3187 Stobaeo
470 3114 623 3185 conciuit
652 3112 922 3206 Theodoretus3
951 3112 1166 3184 dissentiunt
1196 3108 1360 3183 Galenus

294 3235 330 3296 et
346 3218 575 3308 Plutarchus,
601 3219 666 3315 qui
692 3217 917 3314 Xenophanis
932 3217 1070 3289 unllam
1098 3219 1235 3291 faciunt
1256 3243 1359 3288 meu-

292 3328 427 3400 tionem
452 3324 486 3397 ⁸⁶.
512 3326 685 3423 Diogenes
714 3326 873 3397 Laertius
901 3337 1022 3397 tamen
1053 3325 1149 3399 idem
1185 3322 1354 3422 placitum

292 3434 326 3508 ei
352 3430 490 3504 tribuit.

333 3634 396 3715 (85)
417 3631 548 3692 Stobaeus
569 3632 604 3701 1,
625 3652 684 3712 cap.
706 3633 766 3707 23,
788 3654 815 3713 p.
838 3631 907 3715 496.
924 3632 979 3705 Pro
1000 3628 1171 3713 aecpeayuysb
1193 3630 1356 3691 Plutarchus

292 3740 319 3789 et
340 3726 473 3789 Stobaeus
493 3722 596 3783 habent
614 3723 753 3803 περίεισιν
763 3770 772 3798 ,
791 3723 864 3801 quod
883 3724 1006 3804 praefert
1025 3726 1175 3784 Heeranus.
1282 3715 1286 3723 ’

334 3820 399 3905 (86)
420 3819 587 3882 Theodoret.
612 3818 731 3901 Therap.
756 3840 837 3879 serm.
867 3822 926 3891 IV,
947 3843 976 3902 p.
997 3821 1051 3897 58,
1077 3823 1123 3899 qui
1145 3819 1212 3879 haec
1238 3820 1273 3879 ab
1294 3817 1356 3879 aliis

294 3912 537 3993 compilatoribus,
555 3909 657 3970 'iisdem
678 3931 746 3987 quos
766 3909 899 3969 Stobaeus
920 3925 1028 3972 secutus
1049 3910 1178 3985 videtur,
1201 3908 1355 3980 desumsit,

293 4003 379 4064 veluti
394 4002 563 4084 Porphyrio,
579 4002 667 4077 Actio,
681 4001 779 4074 aliove,
797 4020 864 4078 quos
879 4002 938 4083 ipse
953 4005 1077 4064 nominat
1090 4010 1238 4063 auctores.
1256 4000 1353 4061 Galen.

295 4115 356 4177 cap.
368 4094 422 4157 xl.
436 4097 499 4155 init.
517 4096 655 4157 Plutarch.
675 4094 747 4177 plac.
765 4093 834 4176 phil.
853 4094 901 4169 ll,
924 4116 949 4155 ι.
1313 4091 1316 4097 ’
