2842 4884
239 389 285 454 44
685 409 877 454 xnnornanrs

239 561 441 636 Postremus
458 587 580 636 versus
599 587 690 633 num
709 589 730 632 a
748 560 976 658 Xenophane
992 558 1130 636 diverso
1145 558 1223 631 loco
1240 560 1324 631 lue-

217 694 219 699 ·
238 671 286 741 rit
310 671 505 767 repetitus,
532 667 691 742 dubitari
714 668 821 760 licet3
847 667 1144 766 probabiliusest
1167 694 1187 738 a
1211 669 1323 739 serio-

236 777 360 867 ribus,
378 777 444 874 qui
465 774 620 874 singulos
643 779 722 872 ejus
739 801 861 849 versus
876 786 914 846 et
929 774 1123 846 sententias
1146 774 1322 866 citarent,

237 883 428 956 confusum
445 909 518 956 esse
535 909 661 955 eorum
688 884 862 957 ordinem.
882 883 1010 980 Itaque
1027 894 1169 980 possent
1183 881 1223 952 hi
1242 906 1322 957 ver-

238 1015 298 1062 sus
318 989 386 1063 hoc
412 990 517 1062 modo
539 993 738 1091 conjungi:

263 1173 267 1196 ι
335 1200 441 1265 Πάντα
466 1202 545 1275 θεοῖς
568 1202 721 1278 ἀνέθηκαν
732 1197 863 1292 Ὅμηρος
879 1189 914 1262 θ’
938 1193 1064 1270 Ἡσίοδός
1088 1221 1125 1261 τε

334 1303 410 1374 ὅσσα
433 1299 507 1400 παρ’
529 1311 723 1400 ἀνθρώποισιν
747 1307 853 1375 ὀνείδὶα
881 1310 931 1372 καὶ
955 1309 1038 1397 ψόγος
1056 1304 1103 1384 ἐςῖ
1115 1354 1127 1390 ,

336 1416 386 1479 καὶ
401 1405 512 1480 πλεῖστ’
533 1415 712 1508 ἐφθέγξαντο
737 1417 816 1480 θεῶν
843 1418 988 1504 &Septem
1010 1408 1108 1506 ἔργα,

334 1520 487 1611 κλέπτειν,
507 1525 649 1611 μοιχεύειν
674 1548 705 1589 τε
731 1525 782 1589 καὶ
804 1523 943 1600 motois
968 1523 1132 1589 ἀπατεύειν.

234 1710 353 1784 Lectio
378 1723 402 1783 οῖ
429 1708 525 1799 oleri
560 1718 744 1813 ἐφθέγξαντο
772 1715 944 1813 Stephani
967 1726 1042 1808 eat3
1077 1713 1116 1783 in
1141 1713 1250 1784 Sexto
1267 1711 1318 1785 le·

234 1818 387 1915 gebatur
425 1835 546 1895 contra
588 1835 771 1916 metrum,
808 1826 840 1902 ὃς
879 1827 990 1906 πλεῖςα
1026 1824 1214 1919 ἐφθέγξατο,
1253 1819 1320 1892 uhi

233 1927 413 2001 Fabricius
438 1931 612 2024 correxit,
636 1944 673 2011 ὡς
695 1926 792 2016 relati
810 1936 999 2031 ἐφθέγξαντο.

207 2159 209 2163 Ι
284 2065 447 2164 Apparet
469 2095 514 2142 ex
536 2064 590 2142 his
612 2071 775 2143 versibus
796 2070 1060 2168 Xenophanem
1076 2068 1116 2138 in
1131 2065 1322 2164 carpendis

234 2174 383 2247 Homeri
398 2188 436 2249 et
457 2178 601 2249 Hesiodi
622 2178 754 2250 fabulis
773 2205 847 2249 non
867 2178 987 2251 lenem
1012 2177 1142 2267 fuisse,
1164 2201 1231 2246 nec
1249 2176 1321 2246 im*

233 2288 362 2359 merito
375 2315 394 2359 a
408 2290 554 2364 Timone
570 2291 780 2390 Ὀμηραπάτης
793 2299 968 2375 ε’πιοκώπΊην
987 2291 1136 2382 dictum,
1153 2302 1321 2387 utsupra

234 2419 270 2492 p.
295 2391 339 2464 16
355 2398 641 2470 memoravimus.
661 2400 763 2470 Idem
786 2425 869 2474 vero
888 2399 1146 2497 plerorumque
1164 2395 1321 2493 philoso-

233 2500 391 2598 phorum
408 2516 445 2575 et
463 2505 649 2576 dootorum
661 2506 727 2578 hac
744 2507 790 2580 de
803 2533 841 2579 re
857 2509 927 2580 fuit
937 2507 1116 2603 judicium
1130 2560 1139 2595 ,
1152 2502 1322 2600 inprimis

233 2605 405 2700 Platonis,
423 2612 488 2708 qui
504 2611 566 2682 has
589 2611 728 2684 fabulas
743 2611 868 2710 procul
888 2639 985 2685 asna
998 2613 1141 2684 civitate
1155 2610 1319 2706 repellit,

231 2715 349 2788 multa
368 2743 585 2791 enumerans
608 2746 682 2791 non
700 2722 821 2793 minus
836 2722 911 2793 Diis
926 2721 1096 2816 indigna,
1113 2744 1223 2816 quam
1241 2745 1319 2789 mo-

231 2821 331 2896 ribus
359 2824 507 2899 civium·
526 2827 752 2924 perniciosaj
782 2854 876 2927 quae
912 2829 952 2898 in
978 2828 1021 2898 iis
1048 2826 1316 2922 praedicantur.

231 2926 335 2999 Polit.
361 2930 414 3022 Π,
435 2958 470 3030 p.
490 2931 577 3032 377,
596 2958 670 3032 sqq.
697 2935 741 3006 cf.
769 2936 898 3007 Sextus
919 2936 1025 3030 Emp.
1052 2931 1090 3002 ll.
1113 2959 1163 3004 cc.
1184 2932 1318 3004 Teren-

233 3035 306 3108 tius
325 3036 438 3107 Varro
458 3041 497 3108 in
521 3039 657 3138 Fragm.
679 3042 717 3111 T.
731 3042 765 3132 Ι,
784 3067 819 3139 p.
836 3041 920 3132 214.
942 3042 1025 3135 Bip.
1052 3039 1100 3111 ita
1125 3038 1315 3136 loquitur:

236 3140 578 3241 «primumquod
613 3145 688 3218 dixi
722 3173 836 3244 genus
869 3146 1065 3244 theologiae
1092 3147 1318 3244 mythicum,

233 3249 322 3324 »in
352 3256 399 3322 'eo
427 3265 513 3324 sunt
545 3253 661 3326 multa
691 3269 814 3328 contra
844 3255 1055 3354 dignitatem
1081 3267 1118 3326 et
1146 3265 1318 3326 naturam

231 3380 254 3426 ν)
281 3355 537 3430 immortalium
562 3361 642 3432 ficta
662 3389 670 3434 :
689 3363 727 3433 in
745 3361 811 3435 hoc
830 3363 928 3435 enim
952 3374 1023 3453 est,
1050 3373 1094 3435 ut
1109 3361 1207 3433 Deus
1224 3358 1319 3434 alius

232 3487 254 3536 ν)
282 3489 327 3536 ex
353 3466 469 3562 capite
503 3465 594 3539 alius
620 3494 664 3541 ex
693 3469 827 3543 femore
846 3471 892 3541 sit
923 3469 1015 3542 alius
1039 3494 1084 3540 ex
1108 3469 1219 3568 guttis
1236 3494 1318 3540 san-

231 3595 253 3642 n
281 3571 400 3670 guinis
425 3585 557 3668 natus3
581 3576 620 3647 in
643 3576 726 3669 hoc,
753 3591 797 3649 ut
820 3578 879 3649 Ilii
907 3577 1017 3649 furati
1043 3577 1127 3668 sint,
1144 3590 1186 3648 ut
1212 3575 1319 3648 adul-

231 3705 253 3751 »
280 3682 476 3754 teraverint
492 3695 571 3780 ,ut
599 3685 787 3757 servierint
814 3684 974 3776 homini3
998 3683 1156 3781 denique
1184 3683 1223 3754 in
1248 3683 1318 3758 hoc

229 3811 251 3857 ν)
280 3792 398 3860 omnia
417 3789 491 3859 Diis
512 3788 789 3883 attribuuntur,
809 3817 903 3890 quae
922 3817 996 3862 non
1013 3790 1117 3862 modo
1139 3792 1179 3861 in
1198 3791 1316 3862 homi-

232 3919 253 3965 n
282 3917 366 3964 nem
386 3897 448 3968 sed
467 3897 575 3967 etiam
591 3898 631 3969 in
649 3900 969 3971 contemtissimnm
986 3899 1169 3970 hominem
1187 3899 1316 3972 cadere

230 4024 252 4070 ν)
281 4014 466 4096 possunt.»
481 4002 583 4096 Quae
600 4029 744 4102 prorsus
762 4004 960 4078 concinunt
977 4031 1062 4077 cum
1079 4004 1315 4101 Xenophane.

232 4107 363 4180 Iisdem
400 4112 619 4207 argumentis
647 4111 838 4184 Christiani
853 4113 1039 4210 scriptores
1070 4114 1127 4184 nsi
1157 4125 1243 4184 sunt
1266 4111 1316 4182 ad
