2842 4884
1146 425 1182 466 111

117 570 253 648 evolvat
287 584 324 644 et
352 571 569 668 amplificet,
600 598 641 644 eo
669 573 802 654 facturn
828 584 881 644 est
920 586 962 644 ut
990 571 1182 669 primordia

117 703 194 794 eius
221 725 300 771 mcx
325 702 555 797 sequentium
577 701 866 799 philosophorum
889 701 1028 774 lumine
1054 701 1181 774 obrue-

115 843 253 921 rentur,
279 841 515 928 veterumque
530 832 675 904 inventa
703 831 925 928 posteriores,
953 832 1016 928 qui
1036 830 1182 905 clariora

115 970 150 1030 et
174 957 345 1056 ampliora
377 960 642 1061 cognovissent,
674 971 955 1035 contemnerent.
985 960 1042 1032 Sic
1069 961 1183 1034 fornes

113 1085 370 1183 despexerunt,
388 1087 485 1161 unde
503 1087 660 1185 ipsorum
677 1089 839 1161 doctrina
857 1101 1060 1164 emanasset.
1078 1088 1183 1162 stulti

113 1218 263 1292 suerunt
279 1220 342 1316 qui
367 1244 510 1292 omnem
532 1245 657 1316 paene.
670 1219 776 1313 illam,
793 1220 1069 1318 philosophiam,
1088 1245 1182 1318 quae

113 1360 193 1419 ante
217 1349 394 1445 Socratem
419 1361 457 1420 et
480 1348 664 1422 Platonem
689 1352 880 1448 viguisset,
905 1351 1035 1424 rudem
1064 1363 1101 1423 ct
1128 1352 1182 1421 in-

112 1480 245 1552 fantem
269 1481 531 1574 existimarent,
567 1483 734 1556 inanibus
759 1483 1025 1582 quaestionibus
1040 1495 1077 1554 et
1094 1508 1184 1557 vana

109 1613 297 1705 jactatione
318 1612 485 1710 plenam,
506 1615 699 1710 sapientiae
712 1626 749 1686 et
764 1614 972 1686 eruditionis
987 1626 1182 1713 expertem.

110 1743 236 1840 ltaque
253 1744 349 1840 quod
370 1744 415 1823 de
435 1743 579 1816 Thalete
596 1745 714 1816 fertur
735 1770 838 1837 eum,
853 1771 970 1843 quum
993 1744 1184 1843 aliquando

108 1873 150 1942 in
174 1871 331 1943 siderum
349 1871 646 1969 contemplatione
670 1873 831 1946 intentus
857 1874 1065 1970 imprudens
1090 1874 1183 1946 deci-

109 1999 215 2072 disset
238 2001 277 2072 in
304 2001 463 2093 foveam,
491 2028 509 2072 a
534 2001 747 2075 muliercula
773 2002 931 2098 derisum
960 2028 1057 2094 esse,
1084 2002 1183 2101 quod

109 2131 148 2202 in
175 2130 386 2204 coelestibus
414 2132 521 2205 rebus
547 2145 583 2204 et
617 2133 783 2204 abstrusis
811 2131 995 2204 intuendis
1019 2132 1181 2224 defixus,

109 2288 202 2360 quae
231 2276 313 2335 ante
346 2263 455 2362 pedes.
485 2277 600 2337 essent
632 2288 705 2336 non
740 2264 905 2355 videret,
941 2263 1104 2336 similiter
1137 2264 1183 2336 de

109 2395 274 2470 universa
304 2394 449 2468 illorum
483 2394 702 2492 philosophia
735 2395 1008 2486 existimarunt,
1038 2393 1183 2477 samin

109 2526 207 2600 vanis
227 2538 263 2597 et
284 2524 451 2597 abstrusis
472 2523 741 2622 quaestionibus
764 2536 998 2621 occupatam,
1019 2521 1183 2594 utilitatis

108 2654 336 2752 veritatisque
361 2652 467 2724 fuisse
488 2652 642 2723 inanem.
670 2653 717 2722 Et
741 2677 816 2750 quo
843 2653 953 2749 magis
978 2653 1183 2723 firmaretur

108 2784 194 2858 haec
218 2786 361 2883 opinio,
389 2795 515 2863 testem
542 2781 770 2879 proferebant
796 2784 997 2872 Socratem,
1023 2781 1183 2878 quinon

106 2917 214 2992 semel
245 2918 398 2989 latentur
425 2940 462 2987 se
491 2940 537 2987 ex
570 2911 717 2985 illorum
749 2910 1055 3010 disquisitionibus
1089 2910 1181 2983 nihil

108 3051 313 3147 profecisse,
328 3061 364 3122 et
384 3049 448 3148 qui
463 3049 542 3121 ideo
560 3047 783 3146 potissimum
802 3073 929 3145 parens
938 3045 1183 3146 philosophiae

108 3180 153 3251 sit
177 3180 392 3278 appellatus,
409 3181 516 3280 quod,
530 3179 680 3277 explosis
693 3181 919 3278 superiorum
933 3181 1090 3280 argutiis,
1103 3180 1183 3278 phi-

108 3309 303 3408 losophiam
322 3313 367 3384 de
388 3312 485 3385 coelo
509 3311 708 3386 devocasset
733 3323 770 3385 et
794 3310 839 3384 ad
861 3313 971 3387 vitam
993 3310 1183 3383 hominum

109 3465 296 3539 moresque
312 3438 525 3514 traduxisset
541 3441 575 3512 ἦ
587 3442 743 3535 Quidam
766 3467 850 3518 vero
874 3435 1124 3514 durius'etiam
1143 3442 1183 3511 in

107 3584 244 3648 veteres
265 3572 344 3660 illos
357 3574 491 3648 invecti
506 3588 602 3668 sunt,
627 3600 748 3673 graves
767 3574 929 3647 homines
954 3584 990 3646 et
1013 3570 1180 3668 religiosi,

109 3728 167 3775 eos
192 3716 393 3778 accusantes
419 3704 516 3803 quod
539 3677 762 3804 captionibus
784 3699 856 3779 suis
879 3703 1035 3780 veritatis
1053 3700 1181 3774 lunda-

113 3989 118 3996 ·
149 3965 192 4047 (l)
212 3965 280 4026 Vid.
302 3967 433 4050 Xenoph.
455 3967 574 4030 Memor.
592 3971 622 4047 1,
649 3989 679 4046 r,
706 3991 753 4031 rr.
777 3969 884 4030 Platon.
912 3964 1052 4040 Phaedon.
1077 3987 1107 4047 p.
1125 3962 1178 4041 64.

110 4061 157 4125 ed.
178 4065 328 4146 Wyttenb.
