2842 4884
253 414 318 479 146
661 428 699 471 ns
722 382 914 472 morsurus

250 581 519 671 difficultatem,
548 578 645 677 qnod
671 578 909 675 scriptorum,
936 575 1074 675 quide
1090 602 1133 650 eo
1161 578 1330 674 prodide-

250 704 361 779 runt,
379 712 464 762 cum
475 709 601 787 magna
630 697 683 757 est
698 686 794 757 inter
810 686 902 781 ipsos
926 684 1092 757 dissensio
1113 695 1193 755 tum
1213 686 1328 757 etiam

249 798 507 897 plerorumque
533 812 662 888 parurn
694 790 841 888 probata
873 792 1071 863 auotoritas.
1098 789 1196 882 Quos
1226 792 1330 863 enim

249 907 290 979 iu
319 900 500 975 tractanda
529 899 737 996 quaestione
762 898 808 969 de
839 897 915 970 Deo
941 897 1053 969 secuti
1083 921 1210 968 sumus
1236 924 1332 971 auc-

250 1025 368 1099 sores,
392 1006 643 1096 Aristotelem,
676 1005 983 1101 Theophrastum,
1008 1003 1260 1101 Simplicium,
1285 1006 1332 1078 hi

251 1140 374 1189 omues
406 1115 450 1186 de
483 1125 635 1185 naturae
666 1112 852 1186 elementis
883 1110 974 1182 nihil
1006 1125 1230 1207 memorant,
1259 1116 1329 1211 qui

251 1236 374 1297 autem
405 1222 450 1294 de
474 1220 530 1293 his
552 1220 763 1293 retulerunt
789 1220 839 1291 ita
872 1220 975 1291 inter.
1002 1244 1038 1290 se
1066 1220 1258 1313 dissident,
1282 1235 1329 1293 ut

251 1327 354 1401 facile
372 1338 556 1425 appareat,
581 1326 771 1423 plerosque
795 1326 972 1422 opinionis
989 1328 1194 1421 conjectura
1215 1329 1329 1426 magia

251 1460 361 1533 quam
377 1445 673 1532 argumentorum
689 1434 900 1504 auctoritate
917 1457 998 1503 usos
1015 1433 1152 1526 incerta
1169 1444 1210 1504 et
1232 1458 1329 1506 com·

239 1542 414 1617 ‚mentitis
436 1565 501 1637 pro
525 1542 618 1615 veris
639 1539 797 1636 ratisque
822 1537 1015 1610 tradidisse.

301 1651 353 1719 Ac
388 1658 549 1719 veterem
572 1644 719 1743 quidem
745 1646 852 1718 fuisse
878 1644 970 1716 hanc
992 1646 1233 1739 interpretum
1255 1645 1326 1717 dis-

251 1753 490 1849 ceptationem
508 1753 637 1823 Sextus
665 1751 867 1847 Empiricus
891 1750 1016 1840 docet,
1040 1774 1157 1847 quum
1177 1750 1324 1843 referat,

252 1859 338 1932 alios
360 1858 574 1933 contendere
600 1858 863 1954 Xenophanem
889 1883 1006 1930 unum
1036 1846 1151 1928 omnis
1176 1871 1327 1932 naturae

253 1967 471 2063 principium
496 1966 657 2037 statuisse
681 1977 837 2052 terram,
860 1963 945 2036 alios
965 1964 1038 2037 duo
1062 1965 1097 2037 ei
1128 1964 1325 2056 elementa,

254 2083 385 2143 terram
408 2084 445 2144 et
470 2096 625 2168 aquam,
658 2071 844 2161 tribuere,
876 2094 1033 2168 quarum
1062 2072 1325 2143 sententiarum

252 2188 446 2274 utramque
474 2176 584 2273 ipsius
610 2177 772 2247 versibus
793 2177 926 2247 firmari
956 2174 980 2248 ³.
1009 2176 1181 2249 Posterior
1206 2179 1326 2274 opinio

254 2284 362 2354 Sexto
383 2283 449 2378 ipsi
469 2281 684 2377 probabilior
707 2283 799 2371 visa,
813 2283 910 2354 etsie
926 2282 1135 2380 Xenophani
1152 2282 1326 2381 placuisse
1419 2276 1420 2362 Ῐ

253 2412 326 2457 non
355 2385 464 2459 semel
489 2386 564 2458 sine
590 2389 818 2458 cunctatione
844 2386 994 2459 affirmat
1018 2388 1055 2480 ⁴3
1088 2387 1147 2459 alii
1176 2389 1327 2461 alteram
1419 2385 1420 2394 ¹

253 2494 459 2591 opinionem
474 2491 685 2583 laudarunt,
700 2492 809 2563 solam
834 2489 966 2565 terram
991 2520 1063 2568 esse
1084 2520 1206 2567 rerum
1226 2498 1326 2591 prin-

253 2601 388 2698 cipium
412 2596 435 2669 ⁵.
460 2598 561 2677 Unus
585 2598 759 2695 Diogenes
781 2598 940 2670 Ladrtius
962 2600 1206 2698 pervulgatam
1225 2601 1325 2672 illam

252 2705 509 2803 plerorumque
534 2707 772 2794 sententiam,
802 2717 957 2801 quatuor
980 2732 1053 2779 esse
1076 2718 1228 2778 naturae
1253 2705 1326 2780 ele-

252 2825 394 2900 menta,
418 2813 525 2884 etiam
549 2810 588 2881 in
613 2810 871 2908 Xenophanem
888 2812 1025 2884 confert
1040 2811 1063 2883 ⁶.
1088 2812 1227 2884 Harum
1248 2815 1325 2910 opi·
1414 2794 1418 2866 l

295 3024 335 3098 (3)
356 3020 429 3080 hdr.
446 3020 582 3080 Mathem.
601 2975 648 3096 X,
666 3025 725 3082 313
744 3041 786 3100 sq.

297 3118 342 3201 (4)
362 3118 435 3179 lbid.
464 3120 527 3190 ΙΙΙ,
548 3119 615 3181 361.
637 3121 777 3203 Pyrrhon.
811 3123 872 3196 Ill,
901 3124 949 3182 30.
981 3121 1114 3181 Similiter
1134 3124 1325 3203 Porphyrius,

252 3208 438 3282 Euanthius,
465 3230 534 3286 quos
561 3212 660 3289 fragm.
689 3210 734 3269 IX
764 3223 791 3269 et
817 3209 849 3269 X
875 3212 1034 3288 attulimus,
1068 3210 1189 3271 Galenus
1222 3212 1325 3273 Philos.

226 3349 231 3362 ,
255 3320 285 3381 p.
311 3319 347 3379 27
369 3297 412 3372 1);
435 3296 605 3377 Epiphanius
626 3298 691 3358 adv.
716 3299 829 3359 Haeres.
854 3298 886 3359 L.
907 3302 970 3373 ΙΙΙ,
996 3323 1024 3383 p.
1051 3300 1124 3383 1087
1146 3327 1153 3361 ε
1177 3299 1325 3378 Ξενοφάνης

256 3388 270 3449 a‘
293 3397 341 3448 aad
369 3385 529 3467 Ὀρθομίνου
556 3386 720 3464 Καλοφῶνιος
742 3393 775 3450 ιἰι
799 3396 851 3462 γῆς
875 3389 935 3451 naei'
953 3386 1058 3451 rideret
1085 3391 1136 3465 ἴφη
1166 3391 1203 3454 η’
1232 3393 1325 3454 mim

255 3476 396 3553 pinaSau.

295 3579 338 3655 (5)
361 3573 499 3636 Plutarch.
524 3578 554 3634 in
578 3576 678 3638 Strom.
706 3578 781 3660 apud
807 3577 908 3640 Eussb.
937 3582 1035 3660 Praep.
1064 3580 1115 3640 Eu.
1141 3582 1178 3655 1,
1203 3602 1232 3663 p.
1255 3584 1323 3643 232

256 3668 385 3742 pirrehs
412 3664 449 3729 dl
472 3661 581 3729 airam
602 3672 633 3728 is
655 3681 718 3741 γῆς.
739 3672 878 3730 Plutarch.
902 3672 971 3750 plac.
995 3671 1063 3752 phil.
1088 3684 1115 3732 l.
1135 3674 1208 3747 (yria
1226 3674 1325 3749 λίνεα)

256 3763 358 3842 rpeiam
368 3804 379 3832 ,
403 3762 439 3822 ais
463 3757 568 3841 ἔπειρον
590 3760 763 3842 {liugaidos
784 3760 879 3821 Galen.
899 3758 984 3819 XXI.
1004 3762 1136 3841 Origenes
1155 3762 1173 3821 Ι.
1193 3766 1212 3823 Ι.
1229 3762 1266 3827 eal
1283 3764 1324 3823 ola*

257 3853 349 3915 edm
376 3848 441 3915 sisae
475 3852 504 3914 ἐκ
523 3863 586 3926 γῆς.
604 3851 798 3913 Theodoretus
817 3851 903 3911 modo
923 3851 1066 3927 laudatum
1088 3853 1225 3930 Sabinus,
1241 3856 1324 3937 cujus

257 3948 342 4005 rerba
360 3968 425 4007 mox
447 3964 603 4027 apponam3
624 3944 756 4006 Stobaeus
769 3962 851 4024 snpra
871 3944 907 4004 ad
917 3945 1015 4025 fragm.
1038 3946 1118 4005 vltt.

171 4057 176 4067 ·
298 4034 339 4113 (6)
360 4038 495 4118 Diogenes
522 4038 554 4097 L.
580 4035 624 4097 lX
639 4082 647 4110 ,
676 4056 712 4118 19
733 4060 740 4095 τ
764 4034 830 4111 φησὶ
854 4032 892 4096 Ν
920 4034 1042 4118 sinape
1073 4033 1135 4098 alsat
1164 4049 1214 4099 uls
1244 4037 1323 4099 ἕπον

257 4128 375 4204 παχεῖα.
397 4148 464 4205 quae
485 4127 628 4209 descripsit
646 4125 801 4208 Hesychius
822 4126 884 4185 Mil.
