2842 4884
237 421 282 486 30
680 438 874 482 xrrrorrrsms

115 623 118 627 ·
236 596 297 670 cui
321 592 430 667 multi
457 591 564 663 nimis
588 589 823 682 tribuerunt,
847 592 887 662 in
909 592 1157 690 antiquiorum
1182 591 1323 691 placitis

235 699 455 800 explicandis
483 696 701 797 plerumque
729 697 929 772 Aristotelis
956 700 1099 799 vestigia
1127 702 1321 798 sequitur,

236 825 347 910 atque
374 809 449 905 ipse
479 805 601 905 aliquo
630 805 707 878 loco
737 806 871 878 fatetur
882 859 898 893 ‚
925 805 1073 879 illorum
1097 809 1228 906 scripta
1254 809 1325 880 sihi

235 919 282 992 ad
310 940 460 988 manum
484 939 558 985 non
575 913 682 986 fuisse
698 910 735 984 66.
754 911 960 1009 Simplicius
984 939 1059 986 non
1072 917 1195 987 minus
1216 918 1325 1014 inge-

235 1025 298 1096 nio
322 1047 432 1121 quam
458 1018 641 1092 doctrinae
661 1044 859 1116 rerumque
880 1022 981 1118 copia
1000 1021 1239 1112 admirabilis,
1256 1024 1327 1121 qui

236 1129 371 1205 multos
400 1139 510 1225 atque
540 1125 681 1198 abditos
710 1127 897 1199 vetustatis
925 1128 1041 1201 fontes
1072 1129 1254 1228 indagavit
1286 1143 1327 1202 et

236 1236 403 1335 aperuit,
427 1233 657 1331 Xenophanis
677 1234 808 1330 scripta
833 1235 964 1332 partim
986 1258 1023 1308 se
1045 1234 1190 1309 latuisse
1211 1237 1325 1330 dicit,

236 1344 370 1444 partim
393 1343 432 1412 in
454 1339 666 1437 explicanda
689 1343 769 1436 ejus
785 1342 924 1414 ratione
947 1342 1178 1441 Theophrasti
1202 1356 1327 1416 aucto-

235 1452 379 1524 ritatem
394 1446 540 1520 adhibet
552 1444 587 1517 66.
602 1447 682 1518 Jam
704 1447 796 1559 quid
825 1460 961 1522 ceteros
984 1473 1183 1524 memorem
1200 1462 1327 1543 testes,

236 1572 281 1633 ut
303 1558 528 1632 Clementem
556 1554 867 1649 Alexandrinum,
898 1557 1182 1651 Theodoretum‚
1208 1561 1329 1634 Euse-

236 1665 353 1757 bium,
365 1664 468 1755 alios,
483 1663 699 1736 doctissimos
711 1663 860 1762 quidem
872 1665 1076 1762 scriptores,
1090 1667 1152 1739 sed
1169 1667 1329 1738 fontium

236 1773 460 1872 antiquitatis
485 1770 1017 1870 indagandorum'plerumque
1044 1774 1167 1845 minus
1193 1773 1330 1844 studio

235 1880 319 1956 sos?
341 1879 431 1978 quid
445 1878 695 1976 compilatores
722 1891 759 1950 et
773 1879 1046 1974 epitomatores,
1064 1905 1154 1978 quos
1171 1891 1329 1972 vocant,

236 2002 282 2062 ut
294 1986 509 2077 Stohaeum,
523 2009 656 2082 eosque
667 2009 826 2082 quorum
839 1987 969 2084 scripta
981 1985 1182 2078 Plutarchi,
1194 1983 1332 2060 Galeni

238 2107 277 2166 et
318 2094 483 2190 Origenis
517 2093 666 2164 nomine
705 2091 916 2165 feruntur?
955 2094 1045 2192 quid
1080 2094 1332 2192 grammaticos

237 2199 485 2289 Eustathium,
510 2195 712 2287 Pollucem,
738 2212 897 2291 eeteros,
915 2202 982 2298 qui
1013 2200 1168 2274 aliorum
1195 2203 1332 2297 scripta

237 2331 313 2380 non
351 2305 422 2378 aori
459 2304 646 2390 interdum
683 2304 842 2378 adhibito
878 2307 1015 2402 judicio
1045 2305 1331 2406 compilarunt?

281 2567 343 2650 (65)
364 2567 409 2631 lo.
427 2567 576 2651 Philopon.
598 2568 630 2627 in
651 2569 772 2629 Aristot.
793 2568 937 2629 deanirna
952 2569 1076 2653 (Venet.
1095 2569 1198 2652 1535.)
1219 2569 1275 2630 litt.
1294 2573 1333 2632 C.

236 2683 268 2744 p.
288 2661 319 2724 8.
337 2659 372 2720 de
388 2673 514 2721 veterum
533 2672 592 2718 tam
608 2659 849 2740 Pythagoreorum
864 2681 948 2740 quam
963 2661 1081 2722 aliorum
1098 2661 1335 2743 philosophorum

230 2755 287 2833 ‘qui
312 2763 378 2812 ante
399 2752 544 2812 Platonem
564 2751 680 2812 luerunt
711 2753 859 2814 sententiis
879 2774 1041 2834 exponens,
1062 2752 1155 2812 dicit:
1189 2752 1249 2815 oller
1271 2751 1334 2837 erip

238 2843 276 2906 erl
307 2843 525 2925 συγγράμματι
547 2852 598 2904 τῶ
627 2841 732 2926 irdpfi'r
757 2841 857 2904 volva·
878 2841 1013 2926 τρίχωμα
1034 2843 1098 2921 ἤμῖι
1126 2844 1201 2920 ὅσοι,
1228 2842 1291 2906 oi'es
1320 2847 1336 2907 ι’

238 2933 414 3017 ’Δροσοοέλης
433 2943 517 2996 πλέον
533 2960 562 2994 vr
586 2931 686 2996 vairas
704 2934 832 3017 ἱςέμοεο.
858 2935 990 3012 idemque
1014 2935 1046 2992 in
1064 2934 1207 2995 afferendo
1229 2935 1336 2996 Xeno-

239 3024 341 3108 phanis
359 3025 435 3084 dicto
452 3023 639 3104 Porphyrium
659 3038 802 3086 auctorem
820 3025 946 3085 nominat
956 3068 965 3101 ,
982 3023 1079 3104 utiam
1089 3021 1254 3085 Braudisius
1265 3047 1335 3086 mo·

185 3145 193 3166 ·
239 3118 312 3177 nuit.
331 3112 400 3178 Vid.
420 3114 496 3173 infra
514 3113 616 3192 fragm.
634 3109 673 3174 X.

283 3227 348 3312 (66)
372 3228 497 3310 Simplie.
517 3228 547 3286 in
570 3229 687 3288 Aristot.
707 3227 743 3288 de
759 3227 844 3289 Coelo
858 3227 908 3288 lol.
928 3248 995 3312 127.
1014 3232 1047 3292 A.
1067 3230 1098 3290 in
1117 3231 1337 3314 interpretanda

240 3317 429 3401 Xenophanis
446 3317 583 3377 sententia
593 3315 729 3392 haerens,
742 3312 813 3380 dicit
824 3341 831 3376 :
849 3314 938 3391 οἱγοέοο
955 3318 993 3382 dl
1006 3321 1063 3382 τοῖς
1074 3330 1123 3382 τοῦ
1137 3332 1222 3400 φιλο
1233 3321 1269 3397 ξί
1276 3352 1307 3383 οο
1318 3351 1334 3384 ο

241 3411 345 3493 ῥήμασι
367 3409 425 3470 τοῖς
451 3406 513 3488 mpl
533 3407 633 3469 sou'w
654 3409 700 3468 eriz
720 3406 836 3484 inexu‘r
856 3407 919 3470 elz·
945 3411 997 3471 Pro
1016 3422 1066 3473 τοῦ
1083 3409 1223 3487 φιλοξεόον
1243 3417 1335 3475 corri-

239 3501 366 3584 gendum
395 3519 454 3560 esse
481 3509 531 3559 τοῦ
559 3497 711 3580 praecripto
743 3499 904 3576 irrepsisset
932 3513 990 3562 tum
1012 3503 1192 3563 manifestum
1212 3516 1272 3579 est,
1302 3520 1336 3565 ut

183 3600 184 3603 ’
240 3592 369 3664 nemini,
390 3591 439 3670 qui
457 3590 543 3654 verba
561 3593 623 3672 ipsa
642 3591 814 3674 inspexerit,
834 3592 866 3652 id
884 3590 1000 3652 dubium
1018 3594 1107 3671 possit
1125 3592 1237 3654 videri:
1257 3594 1336 3656 vidit

241 3681 297 3743 hoc
317 3683 374 3763 jam
393 3679 461 3739 clar.
485 3679 667 3752 Brandisius‚
695 3682 714 3740 l.
732 3682 752 3740 l.
773 3702 803 3762 p.
825 3701 869 3741 ια.
888 3693 951 3741 not.
970 3684 1023 3762 e).
1044 3682 1153 3744 Vitium
1176 3695 1268 3743 ortum
1289 3698 1335 3746 est
1420 3755 1421 3758 Ἴ

243 3793 280 3833 ex
297 3775 401 3833 usitato
412 3771 568 3853 scripturae
578 3771 767 3854 compendio,
782 3792 837 3850 quo
855 3773 943 3833 multa
958 3775 1073 3834 nomina
1089 3786 1222 3856 corrupta
1245 3788 1334 3847 sunt,
1420 3759 1421 3770 ¹

242 3860 580 3944 velutipro'rtprfovs‘ans
597 3860 739 3922 interdum
758 3858 867 3943 οἵμοος,
887 3862 981 3942 θῦμος
999 3885 1052 3945 pro
1068 3863 1335 3942 AspoeSe'rquors
1420 3871 1421 3914 ἰ

242 3971 296 4032 pro
322 3953 498 4034 ἰοοοιροίοης,
521 3953 593 4029 ξένος
616 3973 668 4033 pro
688 3961 825 4031 Ξοοοφοῖο,
845 3965 873 4012 et
894 3955 995 4014 similia
1018 3953 1108 4014 multa
1131 3957 1333 4036 reperiuntur,
1420 3973 1421 4000 ³

244 4061 314 4120 quae
340 4041 450 4103 Bastius
479 4045 510 4104 in
536 4045 692 4104 Commeat.
724 4044 863 4125 Palaeogr.
889 4044 1036 4127 praecipue
1060 4067 1090 4128 p.
1109 4044 1170 4128 798
1189 4066 1231 4126 sq.
1250 4058 1279 4106 et
1301 4047 1334 4108 in
1420 4047 1421 4102 Ξ

244 4130 336 4213 Epist.
356 4131 419 4191 erit.
442 4153 472 4214 p.
498 4133 554 4193 133
575 4133 695 4196 notavit.
1074 4158 1077 4164 ¹
