2842 4884
264 409 321 453 vlu

261 560 319 636 vel
336 585 428 659 quae
446 572 521 632 arte
534 557 762 652 efficiuntur,
780 586 854 633 non
869 561 986 635 statim
1006 587 1106 635 suam
1130 568 1327 663 propriam-

166 733 168 738 ,
260 715 332 790 que
357 691 507 763 formam
529 692 753 790 exprimunt,
773 692 835 765 sed
851 694 966 790 primo
979 694 1124 767 confusa
1140 696 1328 787 videntur,

258 844 379 920 neque
395 819 566 894 distinctis
582 819 807 895 lineamentis
825 847 945 921 neque
968 825 1121 921 corporis
1132 825 1257 924 figura,
1279 827 1328 899 sic

258 950 499 1050 philosophia,
527 975 644 1051 quum
672 954 833 1052 primum
861 966 1091 1043 nasceretur,
1116 980 1217 1028 suam
1244 981 1326 1054 spe-

258 1081 348 1154 ciem
377 1107 447 1154 non
477 1105 638 1180 expresse
661 1085 838 1177 ostendit,
862 1084 922 1158 sed
935 1085 1081 1158 confuse
1094 1098 1132 1157 et
1155 1085 1328 1175 obscure,

257 1225 302 1286 ut
324 1214 381 1290 vix
406 1227 520 1312 posset
544 1215 589 1287 ab
612 1215 688 1288 aliis
720 1217 925 1314 disciplinae
948 1215 1140 1315 generibus
1163 1217 1327 1290 discerni.

257 1343 515 1445 Quaecumque
528 1346 704 1446 cogitandi
715 1348 874 1422 laborem
886 1348 1155 1447 quaerendique
1166 1349 1327 1421 studium

255 1479 503 1577 requirerent,
534 1505 575 1552 ea
604 1482 722 1552 omnia
751 1481 1055 1580 complectebatur
1086 1479 1328 1579 philosophiae

253 1635 397 1685 nomen.
423 1609 636 1686 Versabatur
652 1615 692 1686 in
709 1614 956 1714 cognoscendis
974 1615 1137 1713 gentium
1153 1627 1191 1686 ct
1212 1639 1327 1712 popu-

253 1743 374 1817 lorum
391 1745 499 1818 rebus
513 1747 632 1845 gestis,
646 1748 824 1839 moribus,
838 1748 1030 1839 institutis,
1050 1746 1089 1817 in
1111 1745 1330 1844 explorando

253 1887 433 1950 terrarum
464 1879 725 1977 regionumque
757 1878 829 1950 situ
859 1891 896 1951 et
923 1889 1074 1965 natura,
1097 1876 1136 1947 in
1164 1889 1335 1985 contem-q

253 2005 385 2103 plaudo
417 2008 574 2080 siderum
597 2021 722 2100 motu3
747 2006 946 2106 philosophi
969 2007 1079 2081 iidem
1101 2019 1203 2080 erant
1219 2019 1257 2079 et
1274 2033 1325 2078 as-

252 2137 424 2227 tronomi,
442 2136 593 2236 physici,
613 2137 820 2236 geographi,
838 2138 1010 2228 historici,
1033 2134 1184 2234 politici,
1204 2161 1328 2209 omnes

252 2273 409 2373 denique
432 2287 540 2367 artes,
562 2301 657 2375 quae
675 2289 793 2375 postea
811 2289 898 2350 sunt
913 2273 1103 2376 generibus
1123 2276 1323 2368 distinctae,

251 2439 293 2485 eo
315 2421 486 2512 tanquam
511 2415 696 2486 communi
714 2415 860 2489 viuculo
887 2414 1174 2488 continebantur.
1198 2413 1324 2513 Itaque

252 2547 487 2648 amplissimus
522 2549 665 2648 patebat
699 2551 916 2651 philosophis
941 2553 1123 2626 doctrinae
1151 2577 1327 2651 campus,

251 2709 316 2781 per
341 2707 452 2783 quem
481 2681 593 2756 libere
623 2698 837 2783 vagarentur
857 2684 967 2757 nullis
990 2685 1246 2783 circumscripti
1269 2710 1324 2758 re-

250 2819 423 2921 gionibus.
447 2821 516 2895 Sed
541 2813 722 2895 tamenin
747 2835 845 2896 tanta
871 2846 994 2896 rerum
1017 2824 1187 2896 varietate
1206 2847 1324 2895 unum

250 2957 422 3058 quiddam
440 2971 537 3048 erat,
556 2961 653 3059 quod
666 2965 859 3061 praecipue
872 2973 1011 3034 teneret
1027 2983 1152 3035 eorum
1165 2973 1300 3033 mentes
1313 3016 1322 3053 ,

250 3112 401 3173 naturae
430 3099 683 3200 contemplatio
713 3102 837 3174 :hanc
860 3101 1065 3174 universam
1090 3102 1209 3171 animo
1226 3128 1325 3198 pera-

250 3254 406 3340 grantes,
426 3267 548 3315 rerum
564 3245 729 3314 omnium
740 3268 876 3314 caussas
887 3241 1110 3341 rationesque
1122 3257 1324 3340 perscruta-

251 3381 384 3454 bantur
400 3396 461 3476 et,
486 3408 559 3482 quo
584 3383 745 3482 quidque
769 3380 944 3456 occultius
962 3396 1052 3456 esset
1071 3409 1113 3456 eo
1136 3381 1324 3456 studiosius

250 3521 436 3614 admirati,
469 3534 541 3594 tam
573 3523 740 3598 universa
773 3550 884 3622 quam
910 3521 1049 3622 singula
1083 3523 1322 3622 indagarunt,

249 3674 329 3736 tum
355 3662 589 3754 animalium,
618 3662 847 3762 plantarum,
872 3662 1035 3763 lapidum
1055 3675 1223 3756 naturas,
1243 3677 1323 3737 tum

249 3801 406 3876 universi
444 3801 573 3874 mundi
614 3801 815 3899 originem,
855 3803 1078 3899 primordia,
1115 3827 1324 3901 caussasque

248 3937 382 4038 quibus
408 3952 485 4013 orta
511 3953 629 4014 essem
662 3943 781 4014 omnia
811 3953 848 4014 et
877 3943 1010 4040 quibus
1039 3942 1321 4015 continerentur.

248 4079 322 4172 Qui
348 4078 388 4153 in
416 4081 483 4156 hac
516 4083 853 4182 contemplatatione
882 4084 1013 4158 intenti
1039 4093 1113 4156 toto
1143 4084 1324 4158 animose
