2842 4884
275 406 338 471 182
681 428 720 467 ur
741 428 934 469 morulis

270 596 422 654 naturae
446 582 586 653 veritati
613 579 723 676 magis
751 580 942 653 videantur
966 607 1173 679 congruere.
1198 586 1349 656 Terram

270 689 354 761 lacit
367 688 476 759 totius
488 686 616 756 mundi
628 687 848 781 principium
865 700 904 759 et
917 688 1217 780 fundamentum
1227 716 1351 787 qrrae·
1415 699 1416 772 t

270 818 429 890 cumque
440 794 480 862 iu
495 790 593 863 ooelo
612 792 818 889 gignantur,
841 792 1124 865 exhalationibus
1141 807 1178 864 et
1200 821 1349 868 concre-
1415 873 1416 892 q

270 900 428 973 tionibus
464 899 543 971 fieri
569 911 713 990 censet,
742 902 860 970 omnia
894 901 1054 999 denique
1078 902 1177 973 fluxa
1207 928 1285 975 &e
1311 918 1352 976 et
1415 895 1416 952 i

269 1004 467 1079 mutabilia.
495 1003 608 1077 llulta
633 1004 762 1101 placita
787 1032 872 1077 cunr
896 1005 974 1078 aliis
998 1021 1163 1080 veterum
1188 1035 1350 1107 praeser-

269 1114 335 1183 tim
359 1112 487 1182 Ionicis
513 1110 640 1183 babuit
662 1114 891 1203 communia,
912 1115 976 1211 qni
1003 1114 1110 1212 plura
1131 1116 1241 1187 etiam
1256 1142 1348 1187 acu-

268 1220 340 1289 tius
352 1230 389 1290 et
403 1217 610 1314 diligentins
630 1221 844 1314 perscrutati
863 1234 974 1291 sunt:
998 1222 1098 1294 unde
1113 1247 1187 1293 non
1208 1224 1348 1295 mirum

266 1348 353 1396 eum
375 1322 587 1421 inphysicis
608 1348 681 1394 non
697 1350 863 1422 magnam
884 1326 1109 1399 nobilitatem
1134 1354 1209 1401 esse
1230 1328 1349 1424 adep-

266 1444 363 1523 tum,
384 1443 421 1503 et
442 1430 671 1504 Aristotelem
688 1433 728 1502 iu
739 1446 940 1506 ceterorum
954 1434 1091 1532 placitis
1105 1436 1349 1509 memorandis

265 1534 378 1633 hujus
402 1534 542 1609 nullam
565 1562 682 1634 paene
708 1538 830 1612 fecisse
859 1542 1090 1613 mentionem.

313 1812 388 1905 Qui
403 1822 526 1885 autem
542 1809 651 1883 talem
673 1812 882 1883 informaret
900 1836 1024 1883 rerum
1038 1824 1225 1901 naturam,
1241 1812 1346 1885 huuc

263 1942 338 1990 non
359 1918 493 1989 mirum
511 1930 565 1989 est
586 1918 694 1990 etiam
712 1916 875 2014 vulgares
892 1917 1158 2012 superstitiones
1179 1930 1348 1989 oontem-

264 2024 347 2095 sisse
378 2034 415 2094 et
443 2022 702 2097 divinationem
728 2021 921 2093 sustulisse.
950 2022 1052 2092 Hanc
1077 2022 1112 2092 ei
1130 2024 1347 2095 seutentiam

265 2128 393 2199 tribuit
420 2127 542 2199 Cicero
570 2129 689 2201 Divin.
718 2128 762 2216 l,
789 2126 811 2196 3
837 2130 901 2198 :E
932 2125 1170 2224 philosophis,
1195 2129 1342 2225 inquit,

268 2245 348 2304 <rut
371 2232 417 2303 de
441 2232 693 2329 antiquissimis
716 2230 863 2329 loquar,
892 2232 1132 2330 Colophonius
1154 2231 1344 2331 Xenopha-

266 2364 288 2409 »
315 2362 406 2428 nes,
436 2362 534 2409 unus
565 2340 632 2435 qui
662 2339 755 2411 Deos
790 2363 864 2409 esse
892 2338 1056 2431 diceret,
1086 2340 1345 2413 divinationem

265 2476 285 2513 »
316 2442 481 2515 funditus
504 2442 650 2515 sustulit
665 2472 675 2536 3
693 2442 826 2539 reliqui
846 2469 933 2518 vero
956 2470 1079 2515 omnes
1097 2459 1240 2540 praeter
1256 2448 1345 2544 Epi-

176 2616 179 2625 ,
265 2578 287 2625 t)
314 2576 447 2624 curum
475 2608 482 2621 ,
512 2606 520 2620 .
550 2606 558 2621 .
588 2606 595 2620 .
624 2550 882 2625 divinationem
901 2551 1192 2647 probaverunt.»
1207 2553 1345 2645 Quam·

265 2657 318 2731 vis
341 2682 425 2733 vero
454 2656 682 2755 Xenophanis
707 2657 822 2730 menti
846 2659 1039 2732 convenire
1065 2658 1230 2733 videatur
1257 2661 1345 2732 haec

264 2764 412 2863 opinio,
436 2779 558 2834 tamen
577 2789 651 2834 nou
669 2767 751 2833 satis
767 2775 863 2833 certa
879 2777 932 2836 est
947 2763 1127 2835 Ciceronis
1141 2768 1342 2837 auctoritas.

266 2871 303 2941 Si
334 2882 478 2941 tantum
500 2869 635 2941 diceret
661 2867 926 2964 Xenophanem
953 2870 1003 2938 ita
1027 2871 1197 2958 sensisse,
1227 2884 1346 2967 posset

182 2968 188 2977 '
267 2974 432 3070 probari3
457 3002 589 3074 quum,
607 3000 694 3050 vero
716 2988 858 3071 praeter
885 2975 1084 3071 Epicurum
1108 2975 1208 3047 hunc
1223 3002 1346 3049 unum

265 3080 362 3152 iuter
385 3083 644 3181 antiquissimos
667 3082 775 3153 fuisse
799 3081 884 3153 dicit
909 3082 974 3177 qui
997 3080 1258 3154 divinationem
1279 3082 1344 3154 tol-

264 3184 379 3279 leret,
406 3213 626 3286 quamquam
650 3188 748 3259 idem
775 3214 795 3256 a
826 3185 1015 3257 Plutarcho
1040 3199 1078 3257 et
1102 3184 1243 3259 Galeno
1264 3215 1343 3285 pro-

265 3291 383 3365 ditum
404 3292 492 3366 est96
500 3347 515 3380 ,
534 3306 654 3365 tamen
675 3293 896 3389 antiquitatis
921 3293 1120 3363 testimonio
1140 3318 1342 3392 repugnare

266 3399 422 3475 videtur.
447 3399 549 3469 Unus
572 3400 691 3486 enim,
716 3403 821 3492 cujus
845 3396 992 3469 celebris
1015 3400 1131 3470 fertur
1150 3399 1239 3471 haec
1263 3426 1344 3471 sen-

267 3511 398 3598 tentia,
418 3531 490 3577 nou
506 3504 742 3602 Xenophanes
754 3506 815 3577 sed
834 3508 1052 3601 Anaxagoras
1075 3504 1182 3576 lhisse
1197 3505 1343 3595 dicitur,

265 3620 330 3717 qui
350 3640 474 3689 rerum
499 3613 660 3683 omnium
689 3615 841 3685 rationes
860 3638 880 3683 c
898 3610 1122 3685 naturalibus
1141 3613 1271 3685 caussis
1290 3638 1344 3684 re-

263 3730 387 3821 petere
399 3720 533 3795 solebat
546 3730 583 3791 et
596 3720 701 3813 cujus
712 3718 851 3793 dictum
864 3743 1009 3817 quoque
1019 3719 1086 3791 hoc
1098 3730 1320 3791 memoratur
1335 3745 1342 3788 :

300 4019 366 4101 (96)
389 4019 526 4080 Plutarch.
548 4020 621 4079 Plac.
645 4019 716 4100 phil.
741 4020 773 4090 l,
799 4018 828 4078 5.
851 4020 995 4094 Ξενοφάνης
1020 4017 1067 4079 nal
1088 4017 1242 4101 Ἐπίκουρος
1262 4022 1341 4081 airar-

261 4120 332 4192 polrr
354 4109 400 4177 rob
420 4112 565 4187 μαντικήν.
585 4110 706 4171 Galenus
725 4130 750 4168 c.
771 4108 871 4170 XXX.
