2842 4884
360 758 444 838 Ἤδη
470 748 498 825 δ’
523 763 596 827 ἑπτά
620 749 644 825 τ’
667 756 736 828 ἔασε
759 764 810 826 καὶ
831 749 954 842 ἑξήκοντ’
976 764 1094 829 ἐνιαυτοὶ

417 865 625 956 βληςρίζοντες
645 869 717 955 ἐμὴν
740 857 863 960 φροντίδ’
885 857 932 934 ἀν’
951 861 1084 934 Ἐλλάδα
1107 879 1176 959 γῆν·

369 981 404 1044 ἐκ
428 989 543 1066 γενετῆς
564 970 596 1040 δὲ
618 962 675 1038 τότ’
697 965 774 1048 ἦσαν
796 968 898 1040 ἐείκοσι
918 980 1003 1040 πέντε
1027 997 1060 1038 τε
1082 976 1150 1066 πρὸς
1171 993 1249 1063 τοῖς,

416 1087 496 1177 εἴπερ
517 1081 575 1171 ἐγὼ
598 1080 664 1172 περὶ
684 1070 771 1145 τῶνδ’
788 1072 851 1146 olda
874 1079 970 1171 λέγειν
991 1085 1110 1169 ἐωμῶς.

268 1274 365 1348 Haec
385 1273 511 1348 dictaa
528 1272 684 1372 Diogene
700 1272 816 1344 Laert.
833 1273 900 1365 IX,
923 1299 985 1371 19,
1001 1271 1146 1346 laudata
1164 1274 1289 1351 valent
1306 1278 1350 1350 ad
1409 1300 1410 1306 ’

267 1393 422 1454 aetatem
435 1380 546 1478 ipsius
561 1390 598 1450 et
609 1379 719 1452 vitam
733 1377 984 1451 declarandam
999 1380 1108 1453 :dicit
1124 1407 1161 1454 sc
1180 1409 1201 1454 a
1220 1384 1350 1482 quinto

269 1489 410 1562 circiter
422 1499 459 1560 et
476 1486 641 1561 vicesimo
666 1510 762 1556 anno
783 1487 933 1584 negotiis
950 1486 1150 1585 studiisque
1166 1489 1276 1562 fuisse
1295 1491 1349 1560 in-

266 1608 411 1670 tentum
429 1620 437 1666 :
458 1618 530 1693 quo
553 1592 801 1692 significaverit
818 1593 961 1665 fortasse
981 1591 1074 1666 illud
1092 1606 1259 1692 tempus,
1276 1622 1350 1696 quo

264 1700 416 1801 reliquit
439 1699 616 1800 patriam3
642 1697 779 1772 abhoc
807 1711 931 1772 autem
954 1709 1116 1798 tempore
1140 1701 1185 1773 ad
1208 1728 1349 1776 annum

266 1812 390 1885 aetatis
410 1809 566 1882 alterum
587 1819 624 1879 et
639 1806 911 1906 nonagesimum
932 1808 1204 1906 cogitationibus
1219 1822 1258 1884 et
1275 1814 1348 1886 'cu-

263 1919 312 1991 ris
340 1918 447 1991 fuisse
472 1916 657 2015 agitatum.
684 1915 716 1984 E
740 1940 813 2015 quo
837 1940 911 1986 non
933 1916 1079 1989 videtur
1103 1915 1195 1990 effici
1222 1943 1347 2016 posse,

264 2025 361 2128 quod
375 2022 544 2098 nonnulli
568 2035 764 2122 putarunt,
782 2048 870 2097 eum
888 2048 997 2095 omne
1012 2022 1080 2096 hoc
1103 2036 1248 2124 tempus
1267 2053 1347 2126 per-

264 2133 426 2234 agrandis
449 2129 621 2204 Graeciae
644 2130 849 2205 civitatibus
869 2130 1087 2230 transegisse.
1119 2131 1219 2225 Quid
1248 2136 1346 2206 enim

261 2240 370 2313 illum
392 2237 581 2335 impediit,
608 2237 718 2310 etiam
740 2248 842 2329 tum,
866 2263 984 2336 quum
1000 2237 1126 2311 stabile
1151 2251 1281 2312 nactus
1300 2267 1347 2313 es·

262 2358 316 2420 set
342 2343 587 2433 domicilium,
610 2354 734 2418 mente
756 2355 878 2418 tamen
900 2346 1026 2440 agitari
1047 2358 1086 2418 et
1108 2346 1211 2448 quasi
1237 2371 1345 2444 pere·
1408 2436 1409 2449 ἵ

261 2441 396 2553 grinari
409 2447 619 2523 Graeciam?
632 2447 862 2547 Quamquam
874 2445 916 2521 ἀν’
927 2450 1058 2525 Ἐλλάδα
1072 2471 1126 2546 γῆν
1142 2477 1216 2523 non
1227 2451 1345 2526 solum
1408 2462 1409 2477 ¹

256 2587 328 2656 per
349 2557 537 2634 Graeciam
562 2555 623 2630 sed
648 2556 758 2630 etiam
774 2564 815 2629 in
832 2554 982 2632 Graecia
998 2558 1186 2656 significat,
1200 2570 1240 2632 et
1255 2565 1344 2658 poe-
1407 2480 1410 2661 l

260 2668 330 2742 tice
355 2664 503 2764 quidem
526 2664 636 2736 etiam
665 2661 832 2762 inaliqua
849 2661 1022 2742 Graeciae
1039 2665 1210 2764 regione,
1228 2665 1347 2756 veluti

259 2772 362 2848 Italia
386 2785 452 2848 aut
475 2769 606 2846 Sicilia.

307 2920 500 2993 Caeterum
528 2943 574 2990 ex
602 2915 656 2990 his
683 2917 789 2989 dietis
819 2915 910 2988 nihil
939 2928 1083 3014 praeter
1114 2916 1344 3016 Xenophanis

260 3039 413 3102 aetatem
432 3026 523 3100 effici
539 3024 639 3116 licet3
659 3049 731 3123 qua
754 3039 878 3098 autem
901 3025 1131 3125 Olympiade,
1154 3051 1229 3124 quo
1246 3052 1344 3098 anno

258 3137 348 3210 haec
375 3134 420 3207 de
445 3159 482 3206 se
514 3135 846 3206 commemoraverit
868 3158 941 3204 non
968 3131 1095 3230 liquet.
1124 3131 1281 3233 Scaliger
1299 3132 1341 3204 ad
1405 3182 1406 3185 =

259 3239 391 3316 Euseb.
417 3239 539 3312 chron.
564 3265 601 3337 p.
624 3237 689 3337 96,
712 3240 802 3312 haec
828 3264 915 3312 eum
939 3237 1083 3339 Olymp.
1110 3238 1178 3328 60,
1207 3241 1282 3311 duo
1306 3251 1342 3312 et

247 3347 453 3448 nonaginta
474 3371 584 3420 annos
604 3358 755 3435 natum,
786 3346 961 3446 scripsisse
986 3347 1099 3446 ponit.
1128 3344 1343 3419 Feuerlinue

258 3483 344 3536 vero
366 3453 519 3530 eandem
542 3452 793 3554 Olympiadem
809 3455 848 3525 in
861 3454 1072 3531 vicesimum
1090 3453 1166 3528 fere
1185 3457 1266 3550 ejus
1284 3479 1339 3528 ae

258 3565 342 3656 tatis
354 3587 492 3640 annum
505 3561 668 3638 incidisse
681 3573 787 3659 putat
807 3586 815 3632 ι
833 3560 877 3633 cf.
890 3559 1023 3636 Fabric.
1037 3558 1129 3634 Bibl.
1147 3559 1212 3633 Gr.
1230 3561 1267 3633 T.
1287 3559 1338 3651 Π,

1402 3664 1405 3839 l

258 3805 372 3874 XXIV.
394 3807 505 3888 Septem
526 3804 584 3888 jam
604 3816 632 3861 et
650 3803 795 3883 sexaginta
814 3804 982 3878 moranni,

389 3898 438 3976 qni
458 3917 502 3958 me
522 3892 737 3974 cogitationibus
752 3894 881 3973 curisque
900 3895 1040 3955 intentum
1053 3915 1105 3976 per
1119 3895 1265 3957 Graeciam
1279 3894 1335 3974 agi·

1255 3995 1333 4060 tant3

387 4089 470 4138 natus
490 4086 661 4140 autentum
680 4094 755 4134 eram
774 4075 897 4154 quinque
917 4087 946 4136 et
965 4076 1066 4160 viginti
1085 4097 1194 4152 anuos,

389 4169 414 4228 si
434 4186 499 4230 vere
515 4163 551 4232 de
571 4165 614 4231 hia
626 4187 677 4250 ego
690 4165 795 4248 possim
813 4166 927 4230 referre.
1034 4161 1038 4166 ’
