2842 4884
498 409 500 420 '
559 419 739 476 nsnroursn.

194 567 263 646 όσσ’
285 585 304 656 ἡ
328 577 528 668 Μνημοσύνη,
554 571 572 655 ἢ
597 579 643 644 τόν
661 567 702 645 όό
725 565 795 671 ἄμφ’
818 581 931 671 ἀρετῆς.

95 743 116 790 o
145 743 243 811 eos,
275 719 421 817 inquit,
451 743 630 792 sermones
661 716 790 816 probat
818 718 915 790 inter
944 716 1102 814 pocula,
1126 719 1193 818 qui

93 851 159 898 nos
173 825 337 899 reddant
349 838 413 899 aut
429 827 600 900 doctiores
618 838 682 898 aut
702 823 914 898 meliores.»
932 823 1024 924 Ergo
1042 824 1099 898 hic
1114 852 1192 899 sen·

93 934 258 1006 tentiam
291 934 341 1006 ita
370 933 589 1033 supplevisse
620 933 766 1009 videtur
794 960 802 1005 τ
832 945 924 1004 τοῦτον
951 935 983 1011 ὂς
1014 943 1191 1032 ἀναφαίνει,

92 1039 170 1110 &aaa
204 1043 426 1134 ὴΜνημοονόνη
448 1041 690 1138 (μνημονεύει),
716 1039 735 1121 ἢ
765 1045 812 1110 τόν
838 1039 893 1137 (ἲς
918 1038 1093 1138 ἀναφοινει)
1120 1039 1194 1111 όσσοι

94 1142 164 1245 ἀμφ’
191 1157 302 1246 ἀρετῆς
320 1148 591 1247 (μνημονεύεται).
607 1150 645 1218 Si
660 1146 898 1244 Xenophanes
922 1145 990 1218 hoc
1017 1145 1192 1239 voluerit,

95 1277 237 1350 parum
257 1256 415 1352 profecto
432 1255 538 1354 plane
558 1252 702 1330 locutus
726 1265 790 1326 est.
814 1253 972 1351 Corayus
995 1253 1046 1326 ita
1071 1278 1193 1328 emen·

38 1439 40 1445 ,
96 1361 270 1434 dandum
298 1362 544 1460 suspicabatur
570 1389 578 1433 :

203 1515 246 1582 ὡς
269 1513 293 1574 οἱ
319 1503 485 1597 μνημοσύνη
511 1510 562 1573 uui
583 1513 685 1592 τόνος,
712 1495 781 1600 ἀμφ’
804 1511 930 1599 ἀρετῆς,

97 1647 167 1721 hoc
192 1649 472 1723 constructionis
499 1649 641 1722 modo:
670 1652 700 1727 lc
727 1653 799 1720 πιὼν
824 1655 971 1746 &rapoto
1001 1649 1101 1720 ἐσθλοὶ
1125 1640 1198 1747 ἀμφ’

100 1764 235 1852 ἀρετῆς,
263 1759 302 1835 οἶός
327 1767 350 1827 οἱ
380 1755 544 1850 μνημοσόνη
573 1762 626 1825 καὶ
652 1763 729 1832 τόνος
756 1779 765 1824 :
790 1751 895 1840 sive,
931 1753 1085 1852 inquit,
1116 1762 1194 1824 τόνον

103 1887 124 1934 (τ
140 1864 299 1960 accipias
324 1888 390 1961 pro
415 1869 507 1934 oooia
532 1876 649 1936 tenore
685 1861 760 1937 sive
789 1859 992 1959 generalius
1010 1886 1075 1959 pro
1091 1867 1130 1933 vi
1153 1887 1195 1934 σο

101 1993 123 2040 ν)
151 1973 282 2044 robore
301 1977 424 2043 animi.
448 1969 607 2054 Pedestri
630 1971 789 2042 oratione
813 1998 821 2042 ε
849 1983 887 2049 ὡς
914 1969 997 2065 αὐτῷ
1014 1982 1113 2064 μνήμη
1145 1976 1197 2040 καὶ

102 2099 124 2145 ν)
152 2077 295 2171 δύναμις,
321 2077 379 2150 vel
403 2089 441 2156 ὡς
462 2077 527 2170 ἔχει
552 2087 666 2170 μνήμης
691 2081 795 2146 τεκαὶ
819 2077 974 2170 δυνάμεως.
991 2100 1012 2146 ))
1040 2078 1193 2170 Vereor,

104 2193 148 2252 ut
168 2183 262 2256 haec
285 2184 488 2257 emendatio
513 2185 620 2280 possit
640 2182 796 2280 probari.
820 2181 949 2282 Neque
966 2182 1120 2281 'probata
1140 2195 1195 2256 est

106 2289 425 2389 Schweighii'usero
445 2318 453 2362 :
472 2291 531 2364 hic
551 2292 591 2386 in
613 2289 710 2388 vulg.
739 2288 892 2364 lectione
919 2291 1127 2389 acquiescit,
1154 2293 1195 2366 in

106 2400 278 2496 sequenti
290 2412 413 2470 autem
426 2424 476 2473 vs.
493 2424 558 2496 pro
580 2401 686 2469 διέπειν
699 2397 845 2495 corrigit
863 2400 969 2488 διέπει,
993 2399 1092 2496 quod
1105 2425 1194 2473 con-

105 2503 244 2595 jecerat
263 2507 337 2600 jam
355 2504 511 2603 Corayus
529 2516 566 2578 et
583 2505 644 2575 Ms.
664 2505 845 2600 Epitomes
869 2503 1038 2596 exhibet3
1062 2505 1195 2581 deinde

107 2612 216 2684 verba
237 2613 566 2708 sicinterpretatur
590 2638 599 2683 ε
625 2626 743 2698 τοῦτον,
767 2615 796 2690 ὃς
818 2615 917 2682 ἐσθλὰ
941 2621 1195 2709 &optumates

109 2727 274 2813 μνημοσύνη
299 2728 359 2805 ἐςίν
384 2720 475 2816 αὐτῷ,
490 2725 540 2790 καὶ
559 2724 618 2808 τόν,
636 2721 666 2796 lc
681 2721 770 2790 διέπει
784 2719 852 2816 ἀμφ’
872 2728 990 2816 ἀρετῆς,
1012 2719 1071 2789 aiu
1091 2732 1196 2812 μάχας

110 2829 174 2896 ιιτλ.
184 2826 349 2899 Eandem
360 2825 551 2899 lectionem
563 2825 729 2922 sequitur
739 2823 960 2917 Dindorfius3
969 2834 1127 2896 attamen
1140 2825 1195 2896 in-

111 2929 291 3007 finitivum
317 2933 420 3004 διέπειν
446 2932 578 3005 debere
604 2931 751 3000 omnino
777 2930 909 3005 servari
922 2942 1066 3026 ›patete
1086 2932 1196 3005 versu

113 3053 314 3133 postremo,
335 3048 414 3110 θεῶν
434 3043 465 3111 dt
481 3045 661 3137 προμηθείην
678 3037 761 3130 ἔχειν
778 3063 786 3109 :
806 3035 913 3108 ambo
932 3038 1031 3110 enirn
1053 3036 1093 3108 hi
1113 3064 1195 3111 ver-

113 3170 171 3218 sus
186 3147 255 3219 sibi
270 3147 497 3244 respondent.
518 3147 571 3216 lta
592 3145 680 3216 haec
705 3167 853 3242 quoque
872 3141 1080 3240 explicatio,
1099 3169 1195 3242 quae

114 3269 297 3349 praeterea
313 3256 394 3326 satis
416 3265 535 3327 coacta
561 3264 661 3344 erat,
687 3251 837 3352 tollitur,
860 3250 1016 3349 Scaliger
1043 3251 1088 3324 ad
1112 3254 1196 3326 Ροδ-

114 3361 168 3432 sin
198 3361 328 3436 Philos.
355 3387 391 3458 p.
421 3359 511 3455 216,
534 3371 672 3434 mutata
703 3370 847 3431 tantum
876 3359 1195 3458 interpunctione,

115 3493 258 3545 versum
285 3469 463 3569 explicare
487 3470 631 3562 studet3
659 3467 847 3564 distinguit
869 3467 920 3537 ita
944 3494 953 3538 t

213 3641 272 3718 ὡς,
295 3627 333 3700 Ἡ
356 3626 534 3722 μνημοοόνη·
563 3632 613 3695 καὶ
632 3629 700 3714 τὸν,
717 3627 776 3703 Ὃς
802 3617 872 3721 ἀμφ’
895 3633 1008 3720 ἀρετῆς.

117 3780 225 3858 Putat
247 3786 336 3858 haec
364 3809 437 3857 esse
461 3781 606 3855 nomina
634 3778 846 3872 scoliorum,
875 3801 968 3876 quae
1004 3776 1044 3846 in
1067 3779 1195 3850 conri-

119 3891 182 3962 viis
206 3901 434 3966 canerentur.
463 3890 542 3962 Jam
566 3889 679 3962 varias
702 3884 811 3959 attuli
825 3887 1068 3979 interpretum
1093 3885 1195 3956 ratio·

120 4019 206 4087 nes,
232 4023 390 4097 quarum
417 3996 447 4068 si
467 3996 564 4094 optio
583 3994 753 4084 daretur,
781 3989 948 4088 Scaligeri
971 3991 1195 4089 potissimum

122 4103 322 4201 opinionem
344 4129 529 4205 sequerer,
551 4103 618 4177 etsi
641 4099 730 4174 haec
756 4100 831 4196 ipsa
855 4097 1070 4197 ingeniosior
1094 4098 1194 4175 vide·
