2842 4884
244 441 268 504 Δ
312 519 316 528 Ι
695 465 889 509 unornane

247 641 330 688 rum
342 618 519 689 sententia
532 617 647 688 omnis
659 630 868 715 temporum
880 617 966 688 ordo
978 617 1333 715 pervertimr(uter-

245 749 318 823 que
330 726 428 796 enim
447 725 656 824 Anaxagora
671 713 783 798 etiam¹
793 725 966 824 posterior
979 725 1050 796 fuit
1064 726 1099 818 );
1119 722 1333 821 explicanda

245 843 334 902 sunt
354 855 395 902 ea
415 856 509 929 quae
532 833 571 902 in
595 832 743 904 Eusebii
771 856 908 904 canone
931 830 1098 903 chronico
1119 839 1241 902 notata
1270 856 1334 902 re-

245 940 465 1038 periuntur,
490 940 559 1013 uhi
583 940 726 1012 duobus
748 939 832 1014 locis
850 940 1080 1037 Xenophanis
1105 941 1241 1012 mentio
1260 941 1330 1011 fit:

243 1045 405 1142 primum
437 1047 481 1118 ad
510 1045 654 1145 Olymp.
683 1045 761 1137 56,
793 1074 824 1118 a.
858 1047 893 1138 4.
924 1049 1085 1144 Ξενοφάνης
1115 1056 1130 1114 ὁ
1158 1051 1335 1144 Κολοφώνιος

242 1160 420 1248 ἐγνωφιζειο.
449 1154 584 1226 ilerum
610 1154 654 1225 ad
684 1151 837 1252 Olymp.
854 1151 928 1243 60,
958 1178 991 1223 a.
1026 1177 1057 1222 2.
1087 1153 1253 1233 Φωκυλίδης
1280 1158 1335 1221 καὶ

246 1260 404 1358 Ξενοφάνης
429 1269 541 1359 φυσικὸς
563 1263 762 1359 τραγῳδσιοίις
784 1257 987 1363 ἐγνωφξῒετοδ.

272 1393 276 1403 ·
294 1365 519 1440 Postremum
538 1369 605 1441 hoc
625 1370 735 1442 etiam
754 1367 929 1466 Diogenes
947 1367 1109 1438 Laertius
1125 1366 1335 1465 comprobat

245 1473 312 1563 IX,
327 1498 391 1545 20:
407 1474 524 1567 ἤκμαζε
535 1484 615 1545 Ικοιτᾰι
633 1485 684 1559 τήν
704 1479 895 1558 ἑξηκοστὴν
911 1469 1109 1566 Ὀλυμπιάδα.
1125 1473 1227 1545 Circa
1234 1473 1333 1546 idem

244 1592 389 1678 tempus
412 1607 432 1654 e
453 1581 671 1679 philosophis
692 1583 915 1677 Pythcqorea
925 1635 939 1668 ‚
959 1608 980 1653 e
1004 1583 1119 1678 poetis
1142 1582 1332 1654 Anacreon

244 1685 475 1779 floruerunt,
496 1689 586 1760 dum
610 1693 812 1784 Polycrates
835 1690 1036 1759 Samiorum
1062 1700 1237 1780 tyrannus
1263 1714 1333 1786 po-

245 1794 359 1866 tentia
386 1795 541 1867 maxime
571 1795 820 1870 invalescebat.
844 1794 987 1887 Quibus
1014 1794 1181 1866 omnihus
1203 1794 1331 1866 Xeno-

246 1899 405 1999 phanem
426 1901 614 1999 aequalem
636 1897 744 1974 firiss'e
767 1903 816 1973 ait
838 1915 962 1974 auctor
985 1899 1149 1998 Theolog.
1170 1901 1328 1974 Arithm.

247 2032 284 2106 p.
305 2009 373 2100 4ο,
390 2010 446 2082 ed.
467 2009 620 2082 Bceckh.
643 2011 670 2108 φ’
691 2028 751 2108 γὰρ
764 2015 816 2080 καὶ
829 2011 866 2081 ιδ’
883 2011 934 2092 ἔτη
947 2011 1073 2105 ἔγγιστα
1084 2017 1139 2082 ἀπὸ
1157 2028 1212 2080 τῶν
1237 2018 1333 2107 Τρωι-

247 2134 306 2184 κῶν
329 2126 468 2212 ἱςορεῖτοιι
493 2126 582 2212 μέχρι
610 2118 777 2214 Ξενοφάνους
804 2131 851 2186 τοῦ
875 2131 987 2214 φυσικοῦ
1012 2123 1063 2185 καὶ
1085 2137 1141 2186 τῶν
1162 2110 1337 2215 Ἀνακρέον-

247 2232 295 2300 τός
311 2249 344 2290 τε
365 2230 415 2293 καὶ
432 2227 628 2320 Πολυκράτους
644 2234 756 2320 χρόνων
782 2231 834 2294 καὶ
854 2235 904 2308 τὴς
923 2230 975 2295 ὑπὸ
998 2223 1142 2321 Ἁρπάγου
1164 2242 1209 2295 τοῦ
1233 2229 1338 2307 Μήδου

244 2324 348 2400 Ἰώνων
373 2335 534 2430 πολιορκίας
557 2339 607 2401 καὶ
631 2342 824 2420 ἀναςάσεως,
851 2334 886 2413 ἢν
910 2337 1019 2410 Φωκεῖς
1042 2343 1175 2430 φυγόντες
1200 2337 1335 2405 Μασσα-

249 2439 316 2506 λίοιν
335 2437 459 2532 ᾤκισαν·
475 2481 524 2492 --
541 2455 612 2510 πᾶσι
630 2447 689 2536 γὰρ
705 2445 806 2517 τούτοις
823 2447 975 2535 ὁμόχρουος
991 2449 1006 2508 ὁ
1024 2445 1219 2536 Πυθαγόρας.
1239 2447 1334 2513 Har-

248 2651 426 2735 Xenophane
449 2652 519 2714 dicit
543 2674 602 2714 esse
622 2667 764 2714 versatum
785 2675 793 2709 :
815 2675 871 2733 quo
890 2654 974 2713 etiam
994 2652 1102 2713 dictum
1122 2654 1263 2733 quoddam
1288 2675 1336 2714 re-

248 2745 362 2820 fertur,
389 2745 467 2824 quod
492 2746 567 2809 infra
592 2746 818 2806 memorabimus.
845 2746 908 2826 lpse
937 2746 1020 2803 etiam
1045 2746 1182 2826 Diogenes
1205 2766 1333 2828 prooem.

248 2847 316 2895 sect.
340 2833 383 2894 15.
415 2836 503 2894 refert
533 2834 738 2916 Xenophanem
762 2835 925 2894 successisse
956 2835 1109 2914 Tedangae
1132 2835 1336 2917 Pythagoreo,

249 2943 331 3001 mem
351 2923 477 2984 eumdem
495 2924 673 3006 Empedoclis
692 2926 856 3004 magistram
874 2920 988 3000 quidam
1005 2923 1147 3000 lecerunt;
1163 2924 1234 2983 ibid.
1250 2926 1333 2984 VIII.

249 3011 300 3090 43.
320 3013 363 3070 De
381 3013 517 3073 Archelao
535 3027 670 3074 memorat
689 3014 766 3073 idem
785 3013 840 3083 IX,
866 3010 911 3071 18.
938 3008 1067 3079 desinont-r
1089 3011 1177 3072 ll—
1190 3008 1224 3074 als
1244 3038 1335 3090 τινες,

248 3100 410 3184 Ἀρχελάου.
430 3105 544 3162 Lucian.
564 3105 594 3161 in
611 3105 740 3163 Macrob.
761 3103 781 3164 l.
797 3104 817 3163 l.
836 3117 892 3163 lo·
904 3099 941 3162 dl
960 3103 975 3173 ,ι’
995 3103 1100 3179 Arkina
1111 3102 1162 3183 μὲν
1183 3103 1255 3178 alls,
1273 3109 1338 3190 Ἀφ-

249 3194 354 3272 χιλᾶου
378 3193 414 3255 dl
436 3203 486 3255 rot
506 3205 620 3269 φυσικοῦ
638 3195 785 3270 pedicas.

289 3283 334 3363 (6)
353 3285 466 3365 Duplici
487 3285 540 3344 hac
562 3286 706 3344 mentione
728 3283 842 3363 qnidam
862 3284 893 3343 in
917 3304 1041 3347 errorem
1065 3287 1173 3348 inducti
1193 3303 1279 3366 sunt,
1304 3304 1338 3350 ut

248 3387 405 3457 putarent,
427 3376 515 3457 priori
537 3375 600 3435 loco
621 3373 806 3455 Xenophanis
828 3396 932 3436 annum
955 3378 1076 3438 natalem
1099 3380 1250 3460 significari
1260 3425 1271 3452 ,
1302 3394 1336 3442 nt

249 3467 376 3527 Brucker
395 3467 429 3526 Τ.
449 3467 476 3537 I,
501 3489 528 3548 p.
553 3465 639 3545 1144.
666 3467 795 3528 Fortasse
819 3488 872 3548 pro
897 3467 1054 3551 ε’γιιφῖζιτο
1080 3470 1135 3552 legi
1158 3471 1205 3532 hic
1225 3477 1338 3554 putavit

247 3558 381 3638 ι’γένετοφ
412 3555 488 3636 quod
511 3558 658 3639 probabile
682 3570 777 3638 posset
798 3557 914 3635 videri,
937 3562 992 3620 nisi
1016 3563 1125 3643 saepius
1150 3563 1196 3622 ille
1221 3566 1338 3624 canonis

250 3649 376 3709 chronici
407 3660 506 3709 auctor
529 3648 632 3709 soleret
658 3649 689 3706 in
714 3647 846 3708 notandis
870 3651 1043 3732 temporibus
1069 3652 1181 3711 diversa
1208 3654 1339 3733 proferre

199 3817 202 3826 Ι
249 3741 428 3800 testimonia:
445 3739 532 3800 veluti
545 3738 581 3799 de
594 3738 764 3821 Bacchylide
779 3738 815 3798 ad
830 3740 941 3822 Olymp.
958 3741 1012 3824 78,
1029 3762 1057 3802 ν.
1074 3754 1102 3800 et
1116 3742 1230 3824 Olymp.
1242 3742 1293 3825 87,
1306 3767 1338 3807 a.
1419 3814 1420 3829 ¹

290 3831 325 3888 In
341 3832 426 3889 altero
441 3841 533 3888 antem
548 3829 609 3888 loco
633 3830 822 3910 Hieronymus
836 3830 937 3891 Latine
952 3831 1024 3892 banc
1039 3833 1152 3892 exhibet
1168 3834 1338 3897 lectionem:

254 3941 269 3975 ιι
290 3916 447 3978 Simonides
458 3919 575 3999 Lyricus
595 3931 623 3976 et
643 3918 807 4001 Phocylides
826 3918 893 3978 clari
914 3920 1070 3994 habentur,
1096 3935 1124 3980 et
1143 3921 1339 4004 Xenophanes
1420 3969 1421 3982 .

250 4009 387 4092 Physicus
410 4012 530 4090 scriptor
545 4010 789 4090 tragoediarum.»
814 4014 976 4071 Simonidis
1000 4033 1132 4072 nomene
1150 4014 1258 4074 Graeco
1271 4036 1340 4075 con·

251 4112 331 4160 textu
351 4103 443 4181 potuit
452 4099 597 4178 excidere,
617 4114 649 4160 ut
664 4114 746 4182 putat
762 4101 805 4161 cl.
823 4102 888 4162 Van
904 4102 998 4162 Goeus
1016 4101 1052 4163 de
1067 4103 1220 4167 Simonide.
1239 4127 1268 4188 p.
1285 4127 1337 4168 ao.

167 4247 169 4252 .
251 4193 425 4270 Quamquam
445 4208 478 4249 ea
495 4201 585 4263 aetate
603 4189 650 4251 hic
668 4191 777 4273 juvenis
797 4189 889 4251 adhuc
909 4203 990 4252 esset.
