2842 4884
539 422 755 466 cariosorum.
849 464 853 473 ,
1122 409 1186 477 107

145 589 190 672 β.
219 585 261 657 Τὸ
283 595 341 683 γὰρ
363 592 399 657 ἓν·
426 596 573 658 τοῦτοκαὶ
595 606 652 660 ποῖν
675 594 719 658 τὸν
744 596 812 659 θεὸν
833 590 936 686 ἔλεγεν
961 602 976 661 ὁ
1001 594 1183 690 Ξενοφάνης,

80 692 120 760 ὃν
157 691 218 760 ἕνα
247 696 300 784 μὲν
330 696 467 764 δείκνυσιν
494 703 528 764 ἐκ
556 708 601 765 τοῦ
624 706 739 765 πάντων
769 706 903 792 κράτεςον
933 693 1016 768 εἶναι.
1047 702 1183 769 πλειόνων

24 801 26 828 l
84 809 157 893 γάρ
186 828 271 895 φησιν
292 798 406 888 ὄντων,
432 811 527 892 ὁμοίως
550 810 662 895 ἀνάγκη
685 810 825 899 ὑπάρχειν
850 822 921 875 πᾶσι
942 810 972 875 τὸ
996 826 1126 901 κρατεῖν·
1153 810 1189 875 τὰ

24 977 25 980 ¹
84 907 126 973 δὲ
153 918 278 976 πάντων
301 919 437 1004 κράτιςον
461 914 512 977 καὶ
536 909 638 1005 ἄριςον
663 916 743 987 θεός.

143 1096 179 1158 γ.
211 1062 357 1161 Ἀγένητον
376 1069 407 1138 δὲ
434 1071 571 1139 ἐδείκνυεν
603 1079 637 1141 ἐκ
677 1084 723 1140 τοῦ
751 1073 811 1141 δεῖν
853 1078 884 1142 τὸ
911 1081 1073 1167 γιγνόμενον
1100 1072 1119 1154 ἢ
1148 1078 1181 1157 ἐξ

24 1157 26 1174 i
89 1180 193 1261 ὁμοίω
218 1204 236 1255 η
222 1174 337 1258 ”ε’ξ’
321 1185 440 1266 α’νοροιον
463 1182 635 1269 γίγνεσθαι·
658 1180 787 1247 til&
760 1206 790 1247 τε
810 1207 862 1270 prr
886 1176 974 1269 ‘o'porov
998 1184 1113 1255 ἀπαθές
1132 1206 1182 1275 ρη-

24 1335 26 1412 Ι
86 1308 140 1347 σιν
183 1286 252 1350 ὑπὸ
272 1295 318 1351 τον
352 1292 455 1373 ὁμοίου·
491 1285 566 1353 oiohu
602 1291 660 1379 γὰρ
694 1287 804 1375 μᾶλλον
835 1286 939 1378 γεννᾷν
969 1284 987 1367 ἢ
1017 1290 1180 1379 γεννᾶσθαι

24 1425 26 1468 p
85 1397 233 1480 προςήκει
265 1393 296 1457 τὸ
326 1386 416 1480 ὁρκον
448 1396 481 1459 ἐκ
510 1400 592 1459 τοῦ
583 1400 684 1481 οροιοο·
721 1398 746 1459 εἰ
772 1384 800 1460 d
831 1394 909 1474 ἐξ
893 1398 1013 1482 ανορείου
1039 1403 1180 1485 γίγνοιτο,

24 1469 104 1618 l

86 1521 166 1575 εςαε
200 1498 233 1561 τὸ
266 1493 298 1563 ὃν
326 1502 359 1565 ἐκ
392 1509 437 1565 τοῦ
467 1505 508 1587 μὴ
536 1496 623 1574 ὄντος.
654 1497 765 1565 Καὶ’
741 1497 827 1574 odrae
856 1506 989 1592 ἀγένητον
1021 1504 1072 1567 καὶ
1097 1499 1181 1568 ἀΐδιον

87 1601 220 1669 ε’δῖίκνυ.

144 1766 175 1832 δ.
208 1770 269 1833 Καὶ
291 1764 355 1833 οὔτε
379 1766 412 1835 δὲ
436 1765 551 1861 ἄπειρον
573 1766 638 1834 οὔτε
659 1773 871 1861 πεπερασμένον
898 1763 984 1834 εἶναι·
1003 1768 1076 1836 διότι
1098 1767 1183 1837 ciner-

85 1897 143 1961 ρον
174 1873 232 1959 μὲν
264 1876 295 1938 τὸ
324 1880 365 1961 μή
404 1868 458 1958 iu,
491 1881 529 1947 ὡς
545 1869 619 1939 cire
651 1879 745 1966 ἀρχὴν
783 1872 850 1963 ἔχον
884 1882 958 1963 μήτε
990 1880 1073 1962 μέσον
1106 1882 1179 1963 μήτε

87 1976 195 2063 echos,
233 1987 360 2070 περαίνει
388 1977 419 2045 δὲ
448 1982 518 2072 πρὸς
551 1975 670 2056 ἄλληλα
697 1984 736 2045 τοὶ
764 1980 864 2053 πλείω,
899 1980 1118 2071 Παραπλησίως
1147 1979 1183 2047 δ’ἔ-
1234 2010 1238 2027 ·

138 2223 169 2281 β.
192 2208 227 2268 vl
246 2206 300 2287 γίρ
321 2202 348 2268 e'r
366 2218 444 2267 τοῦτο
465 2241 506 2253 -
522 2205 640 2287 ἔλεγεν.)
660 2207 702 2266 Νε
722 2207 783 2285 quis
805 2219 920 2288 propter
935 2219 1068 2267 mutatam
1079 2210 1182 2270 oratic·

91 2299 143 2355 nis
163 2298 287 2357 formam
304 2309 401 2378 putet,
421 2298 592 2379 Simplicium
612 2297 665 2355 hoc
682 2296 744 2355 loco
761 2296 815 2375 jam
830 2298 983 2375 relinquere
1004 2297 1181 2379 Theophras!

89 2398 179 2445 tum:
202 2408 266 2444 nam
282 2389 390 2466 saepius
404 2386 457 2446 hoc
473 2388 565 2446 lacere
576 2386 646 2445 solet
666 2383 859 2445 tantummodo
872 2397 902 2445 ut
916 2386 1025 2446 facilius
1047 2387 1182 2467 procedat

24 2545 25 2554 ρ
91 2475 205 2551 orati03
218 2488 245 2533 et
264 2476 420 2555 Simplicius
441 2497 472 2534 ea
492 2488 534 2535 est
544 2476 599 2534 fide
618 2488 645 2533 et
661 2473 825 2553 diligentia,
845 2487 876 2533 nt
887 2496 975 2553 neque
995 2476 1104 2535 silentio
1123 2475 1181 2534 lal-
1233 2468 1235 2477 '

24 2633 25 2638 ἵ
90 2564 155 2622 lere
181 2562 321 2623 studuerit
342 2565 483 2643 legentes,
507 2578 535 2624 et
555 2567 580 2625 si
600 2576 742 2623 auctorem
768 2565 798 2621 in
826 2564 870 2623 his
890 2565 973 2623 alium
1000 2573 1181 2640 sequeretur,
1279 2580 1282 2594 ¹

24 2663 25 2690 t
91 2674 208 2712 nomen
226 2654 283 2734 ejus
300 2666 376 2713 certo
391 2666 576 2714 memorasset.
595 2654 672 2713 Idem
689 2674 755 2715 vero
767 2652 934 2734 comprobat
953 2654 1099 2712 Bessariun
1115 2652 1180 2712 adv.

91 2744 337 2803 Calumniatorem
360 2746 482 2804 Platonis
501 2747 550 2815 lt,
578 2767 622 2805 rr.
641 2768 670 2823 p.
701 2747 760 2817 32,
784 2744 813 2803 b.
838 2745 884 2821 qui
904 2745 1061 2802 summatim
1086 2742 1180 2802 eadem

90 2854 109 2891 e
134 2833 337 2911 Theophrasto
350 2835 436 2890 refert
457 2852 527 2910 quae
547 2832 841 2913 pleniusaSimplicio
872 2843 1066 2911 exponuntur,
1095 2831 1182 2891 verba

88 2922 174 2981 illius
193 2942 331 3002 apponam
349 2921 459 2981 laudata
479 2944 495 2982 a
519 2921 667 2983 Brundisio
689 2924 719 2980 in
741 2924 896 2981 Comment.
919 2921 1008 2980 Eleat.
1030 2926 1115 3003 p.'17
1136 2941 1177 3001 sq.

87 3032 158 3080 not.
168 3042 196 3079 s.

141 3148 382 3231 «Theophrastus
408 3149 629 3231 Xenophanem,
654 3169 736 3228 quem
761 3148 939 3209 Parmenides
964 3148 1073 3211 audivit
1099 3162 1181 3228 atque

24 3227 26 3296 l
89 3265 106 3297 ν
136 3250 253 3298 secutus
278 3247 339 3309 cst,
366 3260 538 3317 nequaquam
561 3242 635 3298 inter
658 3238 789 3319 physicos
813 3237 1034 3314 numerandum,
1056 3238 1105 3299 sed
1126 3239 1180 3299 alio

90 3352 106 3385 ν
136 3327 206 3386 loco
225 3328 448 3387 constituendum
475 3341 578 3387 censet.
605 3329 745 3396 Nomine,
769 3328 880 3405 inquit,
901 3330 982 3387 unius
1009 3340 1036 3387 ct
1058 3327 1181 3391 universi

25 3473 26 3478 ,
91 3440 108 3473 n
136 3418 232 3475 Deum
252 3417 420 3497 appellarit,
439 3417 515 3495 quod
533 3438 619 3475 unum
644 3418 820 3496 ingenitum,
844 3417 997 3491 inmobile,
1020 3429 1179 3488 aeternum,

93 3532 109 3564 ν
138 3506 240 3581 dixit3
269 3507 305 3565 ad
329 3507 413 3580 haec,
443 3510 533 3587 aliquo
562 3506 673 3586 quidem
700 3506 784 3566 modo
811 3527 899 3584 neque
925 3507 1065 3565 inlinitum
1092 3522 1180 3579 neque

93 3621 109 3653 s
137 3596 273 3669 finitum,
293 3596 347 3657 alio
365 3617 431 3656 vero
450 3597 627 3656 modoetiam
644 3596 773 3670 finitum,
791 3608 850 3655 tum
867 3596 949 3654 etiam
969 3593 1179 3673 conglobatum,

25 3689 27 3754 ζ
92 3712 109 3743 u
140 3684 254 3743 diversa
277 3687 381 3744 scilicet
404 3688 518 3746 notitiae
545 3689 670 3761 ratioue;
692 3698 813 3745 mentem
839 3688 922 3744 etiam
943 3686 1101 3744 universum
1125 3680 1179 3740 hoc

25 3769 27 3824 l
94 3801 111 3832 ss
142 3772 220 3833 idern
233 3772 528 3855 (Xenophanes)esse
545 3773 702 3836 affirmarit.
714 3797 729 3829 u

144 3901 178 3962 d.
199 3898 313 3982 sepeliar
333 3900 406 3979 dl.)
426 3904 469 3961 lta
490 3904 599 3962 correxi
617 3924 669 3983 pro
687 3900 835 3984 repulsum
855 3899 957 3981 pendet
971 3897 1044 3957 enim
1068 3920 1181 3982 asupc·

94 3998 177 4055 riore
207 3991 307 4067 dedra,
337 4007 365 4053 et
391 4005 571 4075 opponuntur
590 3994 657 4053 haec
684 3994 738 4053 sibi
764 3994 883 4055 invicem
907 4012 914 4049 ε
938 3988 1044 4073 ἔπειρον
1071 3989 1121 4068 μίν
1140 4024 1181 4039 -α

95 4083 220 4165 περαίνει
243 4082 280 4143 di
300 4101 364 4144 κτλ.
