2842 4884
528 444 708 499 monnau.

165 594 167 599 ’
224 590 354 687 εὐφήμοις
375 597 480 682 μύθοις
506 599 556 661 καί
578 600 738 691 καθαροῖσι
764 606 853 684 νόοις,

102 693 136 763 15
177 704 349 775 σπείσαντας
375 720 406 765 τε
431 704 482 766 καὶ
504 701 670 792 εὐξαμένοις
685 704 733 771 ’τὰ
756 701 855 771 δίκαια
876 703 1031 774 δ’]νασθατ

223 814 377 899 πρήσσειν·
401 817 494 874 ταῦτα
519 815 577 903 γὰρ
603 812 644 877 ων
666 816 712 891 ἐςι
737 818 962 906 προχειρότερον.

176 911 245 1002 Οὐχ
268 911 353 1007 ὕβρις
374 922 463 981 πίνειν
487 908 516 982 δ’
537 924 637 986 ὁπόσον
661 943 710 985 κεν
731 913 811 1006 ἔχων
834 924 941 1015 ἀφίκοιο

223 1010 313 1087 οἴκαδ’
338 1018 413 1087 ἄνευ
434 1023 590 1115 προπόλου,
615 1031 657 1113 μὴ
682 1032 756 1093 πάνυ
777 1026 928 1118 γηραλέος.

174 1115 299 1219 Ἀνδρῶν
322 1117 355 1194 δ’
375 1132 467 1195 αἰνεῖν
493 1139 585 1198 τοῦτον
605 1130 636 1207 δς
663 1131 760 1199 ἐσθλοὶ
783 1135 855 1199 πιὼν
882 1140 1034 1228 ἀναφαίνει

95 1253 132 1300 to
225 1240 263 1308 ὡς
284 1241 304 1311 ἡ
325 1238 511 1324 μνημοσύνη,
539 1240 591 1304 κατ’
611 1240 657 1304 τὸν
678 1237 710 1313 ὃς
734 1228 807 1333 ἀμφ’
831 1245 949 1333 ἀρετῆς·

173 1332 233 1405 dre
253 1346 357 1428 μάχας
377 1338 482 1409 διέπειν
498 1344 629 1420 Τιτήνων
652 1342 715 1412 ον’δὲ
739 1346 891 1437 Γιγάντων

220 1444 283 1512 οὐδέ
301 1471 334 1513 τι
357 1450 558 1543 Κενταύρων,
582 1450 746 1541 πλάσματα
772 1463 828 1521 τῶν
850 1457 1023 1549 προτέρων,

173 1544 191 1629 ἦ
213 1556 350 1637 ςοὶσιοις,
376 1554 514 1649 φλεδόνας
537 1575 593 1631 τοῖς
613 1555 691 1625 οὐδὲν
715 1563 826 1652 χρηςδν
852 1557 946 1641 ἔνεςι·

221 1663 303 1729 θεῶν
326 1660 358 1729 δὲ
380 1668 562 1757 προμηθείην
588 1666 651 1733 αίὲν
671 1663 756 1757 ἔχειν
780 1671 914 1761 ἀγαθήν.

128 1897 172 1945 vs.
200 1898 230 1942 1.
256 1876 402 1963 ζάπεδον,
429 1874 465 1947 h.
490 1902 522 1948 e.
547 1878 685 1969 δάπεδον,
711 1877 756 1950 cf.
783 1876 934 1977 Hesych.

126 2005 171 2053 vs.
192 2004 225 2050 2.
249 1984 386 2060 πλεκτοὺς
400 1977 428 2053 δ’
441 1990 618 2082 ἀμφιτιθείς.
637 1985 718 2056 Jam
735 1986 878 2059 dudum
895 1998 1057 2084 suspecta
1072 1986 1156 2064 visis

91 2084 183 2157 doctis
198 2085 288 2159 haee
310 2085 415 2160 lectio
434 2102 506 2181 est,
525 2090 623 2188 quod
644 2092 876 2190 participium
901 2100 1064 2190 ἀμφιτιθείς
1084 2118 1156 2165 non

90 2190 181 2264 habet
197 2219 271 2291 quo
288 2196 476 2269 reseratur.
504 2196 685 2272 Jacobsius
706 2224 790 2272 cum
807 2225 858 2298 sq„
878 2223 984 2275 versu
997 2202 1156 2300 jungere

91 2298 237 2392 studuit,
261 2301 311 2373 ita
333 2302 559 2376 emendando
583 2332 591 2377 ι

512 2488 650 2564 πλεκτοὺς
675 2480 707 2556 δ’
728 2492 892 2585 ἀμφιτιὲιείς
921 2467 1071 2584 ςεφάνας

169 2595 259 2674 οἷλλος
283 2593 326 2667 ἰδ’
345 2599 446 2677 εὐῶδες
458 2602 535 2671 κτλ.

126 2800 187 2873 pro
210 2781 243 2849 δὲ
278 2781 433 2852 correxit
460 2776 499 2853 ἰδ’
525 2808 609 2855 eoae.
634 2782 839 2855 Dindorfius
868 2780 1070 2879 suspicatur
1084 2776 1153 2877 leg.

432 3006 815 3027 w

181 3139 283 3198 faustis
302 3138 397 3202 verbis
417 3138 554 3217 castisque
572 3138 691 3214 animis,

92 3223 119 3285 15
177 3228 297 3288 libantes
315 3238 346 3287 et
363 3241 509 3310 precantes
528 3240 560 3287 ut
570 3273 579 3303 ‚
599 3226 676 3306 quod
693 3226 796 3308 justum
814 3215 875 3381 gili,

180 3318 316 3378 faciamus
334 3342 342 3378 z
359 3318 414 3377 hoe
424 3318 500 3376 enim
518 3319 641 3399 primum
659 3328 700 3375 est
718 3314 823 3403 officiu‘
843 3358 852 3376 .

178 3410 231 3469 Fas
252 3422 405 3469 estantem
424 3409 667 3483 hibernantem,
689 3419 721 3466 ut
741 3409 830 3489 possis
850 3406 955 3468 reverti

181 3498 297 3561 domum
315 3502 376 3561 sine
396 3502 518 3573 comite,
537 3500 591 3559 nisi
611 3500 672 3579 quis
691 3512 760 3557 natu
779 3493 816 3569 sdt
834 3497 984 3559 admodum
1003 3494 1125 3578 grandis·

177 3590 350 3652 Laudandus
369 3611 438 3654 vero
452 3591 477 3650 is
489 3601 532 3650 est
554 3590 602 3670 qni
618 3590 693 3648 inter
707 3570 862 3658 bibeddum
877 3608 921 3647 res
937 3587 1019 3667 utiisss
1035 3598 1151 3663 narrat,

178 3694 314 3760 quamam
334 3684 361 3742 ei
379 3692 511 3764 suppetat
530 3681 674 3759 memoria,
685 3692 714 3741 et
733 3682 783 3760 qui'
799 3682 924 3768 virorum
943 3678 1061 3753 virtutes
1077 3697 1152 3738 oom-

1002 3779 1147 3828 memorat.

181 3863 225 3924 Ne
243 3863 348 3945 praelia
368 3864 521 3925 referamus
538 3864 671 3925 Titanum
689 3864 881 3942 Gigantumve

180 3967 228 4015 aut
247 3958 467 4027 Centaurorum,
487 3956 597 4016 fabulas
615 3978 631 4015 a
650 3955 791 4018 veteribus
814 3952 912 4025 fictas,

180 4066 273 4127 neque
291 4047 401 4128 jurgia,
421 4065 511 4108 meras
530 4067 618 4127 nugas
635 4046 727 4125 frugis
747 4053 874 4124 expertes
884 4064 893 4119 3

181 4135 232 4195 sed
249 4136 323 4198 Deos
342 4136 417 4218 justa
433 4155 542 4219 semper
560 4135 738 4199 observantia
757 4132 887 4192 cotamus.
915 4186 916 4189 ,
982 4158 983 4163 ¹
