2842 4884
280 394 343 459 126
691 415 730 457 oo
753 414 946 457 xenornams

274 568 359 653 der,
376 578 421 638 ut
442 565 538 637 idem
563 576 761 652 memorat,
785 572 997 660 πεπερασμένον
1020 572 1070 634 καὶ
1092 570 1267 664 σφαιροειδὲς
1285 579 1354 639 sta-
1400 562 1401 577 ¹

276 674 385 746 tuisse
412 672 669 769 Xenophanem
699 671 881 768 prodidit,
912 670 1009 767 quod
1037 669 1097 741 alii
1123 698 1270 770 quoqne
1300 700 1356 746 re-

276 780 443 853 tulerunt
466 778 502 850 4⁵.
532 780 683 850 loannes
709 778 931 874 Philoponus
957 778 1115 875 denique
1141 781 1356 877 Xenophani

276 886 425 961 eandem
456 911 496 957 ac
521 884 724 957 Parmenidi
756 884 885 955 tribuit
917 888 1131 957 sententiam
1160 914 1170 956 ε
1202 896 1275 979 μίαν
1303 893 1357 980 μὲν

273 990 307 1063 ἓν
332 993 452 1089 (ἀρχὴν
477 988 578 1089 εἶναι)
614 998 664 1061 καὶ
686 1000 905 1087 πεπερασμένην
947 998 996 1061 καί
1018 1002 1146 1073 ἀνόνητον
1169 996 1358 1090 Παρμενιίἓης

176 1136 180 1146 ·
274 1098 358 1191 ἔλεγε
379 1105 428 1168 καὶ
448 1100 609 1195 Ξενοφάνης
632 1096 668 1167 ⁴⁶.
694 1099 833 1169 Horum
858 1097 1055 1169 testimonia
1079 1101 1172 1170 inter
1194 1126 1231 1171 se
1254 1124 1357 1171 com·
1400 1092 1401 1173 ξ

275 1218 397 1303 parata
419 1219 642 1302 quantopere
654 1206 719 1277 sibi
734 1206 967 1279 adversentur
979 1218 1148 1302 apparet3
1169 1230 1291 1303 neque
1305 1221 1357 1278 ta-
1400 1228 1401 1297 j

187 1333 193 1338 ·
273 1338 358 1384 men
384 1314 545 1384 multum
574 1338 637 1383 nos
662 1312 832 1402 turbant,
855 1314 1031 1409 siquidem
1059 1315 1173 1383 omnis
1197 1314 1259 1385 illa
1287 1316 1356 1385 dis-

273 1420 455 1514 crepantia
479 1419 564 1490 inde
586 1417 794 1522 explicanda
817 1419 983 1509 videtur,
1009 1420 1107 1515 quod
1128 1420 1357 1516 Xenophanis

273 1524 401 1622 placita
422 1525 467 1595 ab
491 1527 567 1622 ipso
587 1550 660 1595 non
681 1527 763 1595 satis
781 1525 925 1597 definita
947 1527 1156 1621 posteriores
1177 1553 1239 1598 sua
1260 1530 1357 1623 quis-

273 1656 348 1730 que
370 1632 507 1703 ratione
526 1633 752 1727 interpretati
768 1646 863 1703 sunt.
886 1631 927 1703 ld
945 1634 1053 1703 etiam
1073 1634 1226 1705 ostendit
1244 1636 1355 1707 Theo-

275 1738 442 1836 phrastus
465 1738 563 1835 apud
590 1740 831 1809 Bessarionem
853 1738 896 1829 ⁴⁷,
913 1739 978 1834 qui
1004 1738 1230 1835 Xenophanis
1256 1742 1354 1837 prin-

274 1846 411 1943 cipium
438 1847 524 1919 dicit
546 1846 702 1944 «aliquo
728 1846 874 1944 quidem
901 1846 1005 1917 modo
1029 1872 1148 1944 neque
1171 1849 1356 1921 infinitum

274 1978 298 2025 r>
324 1980 444 2052 neque
468 1955 634 2043 finitum,
655 1954 726 2026 alio
743 1981 826 2027 vero
851 1954 954 2027 modo
970 1955 1132 2045 finitum,
1150 1968 1228 2026 tum
1247 1961 1356 2029 etiam

274 2083 298 2130 >r
324 2059 587 2157 conglobatum.
607 2086 628 2131 ν)
645 2061 703 2131 Ab
717 2061 783 2132 hac
796 2061 971 2156 opinionis
984 2063 1217 2133 inconstantia
1231 2075 1273 2133 ut
1289 2070 1356 2135 Xe-

276 2166 479 2261 nophanem
494 2163 702 2253 liberarent,
722 2168 934 2238 sententiam
948 2172 1026 2261 ejus
1039 2166 1083 2237 ad
1096 2179 1229 2238 certam
1245 2170 1357 2239 ratio-

274 2296 361 2343 nem
369 2295 534 2344 revocare
542 2271 783 2361 studuerunt3
798 2273 883 2344 inde
893 2276 1007 2343 omnis
1021 2272 1082 2343 illa
1101 2274 1267 2345 dissensio
1279 2287 1357 2345 orta

275 2390 330 2449 est
352 2377 388 2447 ⁴⁸.
419 2376 624 2473 Simplicius
647 2380 744 2475 ipse,
770 2381 834 2476 qui
858 2382 936 2473 ejus
960 2382 1209 2453 sententiame
1237 2382 1356 2455 Theo-

277 2484 422 2583 phrasto
446 2488 632 2582 perspicue
647 2489 810 2584 cognovit
829 2488 1006 2586 planeque
1033 2488 1221 2586 explicuit,
1245 2490 1358 2561 inter-

277 2594 444 2691 pretandi
458 2593 578 2664 tamen
591 2594 708 2664 studio
724 2595 895 2692 deceptus
914 2596 1072 2684 videtur,
1097 2620 1213 2693 quum
1237 2598 1359 2669 incer-

274 2716 356 2776 tum
371 2702 464 2774 illud
483 2715 558 2796 μήτε
575 2703 692 2800 ἆπειρσν
705 2716 778 2795 μήτε
795 2715 1006 2801 πεπερασμένον
1025 2706 1174 2777 definire
1192 2707 1358 2798 studenS,

275 2811 373 2883 idem
399 2810 660 2907 quodammodo
685 2812 789 2882 laciat
814 2811 911 2908 quod
938 2818 968 2881 τὸ
987 2821 1200 2908 πεπερασμένον
1220 2810 1257 2881 ⁴⁹.

327 3012 548 3112 Intelligitur
574 3039 684 3110 quam
707 3012 833 3086 sedulo
860 3014 978 3085 caveri
1002 3024 1162 3109 oporteat
1180 3012 1279 3083 hunc
1305 3038 1359 3083 er-

279 3146 423 3209 rorem,
442 3146 515 3219 quo
538 3119 693 3218 plurima
715 3133 879 3193 veterum
897 3120 1024 3217 placita
1041 3119 1086 3189 ab
1102 3117 1360 3215 interpretibus

326 3319 388 3399 (45)
411 3320 481 3380 vid.
503 3341 586 3400 supra
607 3342 636 3401 p.
664 3318 731 3379 108.
749 3320 881 3399 Origenes
903 3318 1005 3397 Philos.
1035 3340 1096 3401 cap.
1122 3316 1167 3395 14.
1187 3315 1361 3376 Theodoret.

283 3410 405 3491 Therap.
428 3410 480 3470 IV.
499 3410 596 3469 Galen.
616 3430 641 3467 c.
662 3409 715 3468 III.
738 3432 766 3491 p.
785 3408 824 3487 24
846 3410 878 3468 F.
897 3430 967 3487 quos
985 3410 1060 3467 infra
1082 3409 1183 3467 citabo.
1205 3408 1242 3466 cf.
1261 3404 1362 3467 Daris.

280 3498 326 3560 ad.
340 3500 431 3559 Cicer.
448 3500 484 3558 N.
506 3498 542 3557 D.
558 3499 588 3571 1,
605 3520 649 3557 11.

322 3613 387 3693 (46)
408 3613 555 3695 Philopon.
576 3612 660 3692 Phys.
684 3614 751 3672 Litt.
773 3612 877 3690 A‚f01.
902 3611 930 3687 5,
951 3610 1013 3673 adv.

325 3720 389 3802 (47)
413 3720 469 3782 vid
491 3741 585 3801 supra.
606 3741 635 3800 p.
661 3741 715 3800 ¹07
738 3733 797 3781 not.

321 3844 387 3927 (48)
408 3847 453 3906 cf.
477 3845 604 3914 Cousin,
625 3865 654 3925 p.
676 3843 715 3904 80
738 3865 778 3922 sq.

326 3957 390 4040 (dpl
411 3960 535 4041 Simplic.
547 3959 631 4040 Phys.
651 3958 701 4019 fol.
726 3981 741 4040 7
760 3963 802 4031 A,
822 3958 870 4017 ubi
883 3957 1056 4020 Parmenidis
1076 3954 1192 4018 eandem
1211 3970 1293 4037 atque
1303 3959 1363 4017 Xe·
1400 4004 1401 4033 3

279 4046 416 4128 nephanis
434 4051 501 4108 lacit
519 4052 684 4109 sententiam
693 4096 701 4124 ,
721 4049 780 4130 (οἷς)
801 4046 825 4111 ir
837 4048 883 4110 nal
895 4050 1017 4117 νὶκῖνητνν
1028 4047 1075 4109 eal
1089 4049 1273 4123 dyirnrorxal
1290 4076 1361 4109 ms

284 4137 412 4219 ριν-μένεν
426 4136 566 4201 ποιεόντων
583 4139 614 4201 εδ
624 4152 678 4203 σεῖε
689 4141 726 4201 cl.
739 4141 862 4223 ejusdem
873 4142 957 4204 rerba
968 4162 1037 4219 quae
1048 4144 1142 4201 statim
1156 4140 1225 4222 §sm
1237 4142 1361 4201 afferam.
