2842 4884
248 396 313 459 152
671 414 710 455 ns
732 410 923 455 monime

245 592 365 641 caussa
402 565 512 639 fuerit
549 562 646 661 quod
681 561 885 635 Aristoteles
912 573 951 635 et
984 559 1243 659 Theophrastus
1277 563 1323 633 in

244 674 397 746 aliorum
413 670 551 769 placitis
575 668 771 741 referendis
785 668 895 763 hujus
919 668 1137 739 mentionem
1161 692 1242 738 raro
1256 668 1320 739 fo·
1417 735 1418 748 ἶ

243 792 383 853 cerunt.
416 775 642 849 Recentiores
669 787 791 846 autem
820 798 937 871 quum
970 775 1058 846 haec
1088 773 1133 844 ad
1157 772 1322 871 physico-

241 912 326 959 rum
352 883 533 980 quandam
555 894 668 953 artem
690 880 850 977 redigere
863 880 1069 969 studerent,
1093 904 1166 949 non
1183 879 1322 951 mirum
1417 889 1418 892 ’

242 1004 379 1063 tantam
392 989 563 1061 exstitisse
577 990 623 1060 de
643 1013 768 1059 eorum
783 986 920 1084 placitis
934 986 1223 1077 controversiam,
1246 1012 1322 1083 qua

241 1097 381 1169 nubem
407 1096 611 1192 antiquitati
630 1094 849 1167 offuderunt.
868 1094 1041 1166 Detractis
1064 1093 1173 1189 igitur
1189 1092 1321 1163 horum

241 1203 467 1292 commentis,
488 1227 532 1275 ex
553 1203 680 1275 veteris
693 1201 771 1275 aevi
783 1201 925 1297 ingenio
937 1198 1168 1302 Xenophanis
1183 1199 1320 1295 opinio-

240 1333 306 1380 nes
330 1322 367 1381 et
384 1308 475 1380 dicta
495 1307 702 1405 explicanda
730 1320 831 1399 sunt,
847 1332 919 1404 qua
942 1308 1236 1402 interpretatione
1253 1305 1321 1377 tol·
1417 1363 1418 1386 ,

240 1413 339 1487 letur
363 1416 427 1486 ista
454 1416 688 1491 controversia
717 1427 754 1491 et
778 1412 894 1486 multo
917 1411 1047 1487 elarius
1076 1412 1212 1509 patebit
1240 1416 1320 1509 ejus
1417 1399 1418 1440 ³

241 1521 431 1594 sententia.

741 1805 814 1888 gs.

285 2022 576 2115 Quaerentibus,
611 2047 703 2121 quae
731 2022 974 2120 Xenophanes
1004 2021 1050 2095 de
1080 2024 1208 2095 mundi
1239 2026 1313 2099 ori-

235 2130 318 2226 gine
348 2130 513 2220 senserit,
545 2129 655 2223 hujus
677 2129 891 2225 quaestionis
905 2128 1184 2201 fundamentum
1212 2130 1314 2203 nohis

235 2234 280 2303 sit
306 2232 502 2306 Aristotelis
528 2232 655 2324 locus,
679 2233 744 2305 ubi
770 2259 1048 2307 commemorans
1075 2259 1147 2333 qua
1175 2237 1313 2311 ratione
1413 2235 1417 2258 '

238 2349 275 2410 et
298 2362 369 2435 qua
395 2339 431 2413 vi
457 2340 640 2437 ingentem
661 2338 760 2411 illam
781 2351 896 2411 terrae
921 2328 1053 2413 molem
1074 2352 1210 2415 veteres
1229 2368 1313 2414 con-

237 2445 358 2517 sistere
384 2456 421 2517 et
440 2446 623 2541 quiescere
649 2444 829 2536 dixerint,
853 2444 1045 2536 Nonnulli,
1071 2448 1209 2548 inquit,
1232 2448 1314 2519 ίίπει·

235 2581 282 2647 ρον
314 2555 345 2621 τὸ
378 2561 457 2623 κάτω
490 2568 539 2633 τῆς
573 2568 624 2645 γῆς
652 2548 864 2649 εἶναίφασιν,
895 2546 950 2625 ἐπ’
984 2548 1153 2650 ἅπεζιρον
1188 2558 1313 2637 αὐτὴν

234 2657 499 2756 ἐρριζῶσθαι
527 2661 679 2753 λέγοντες,
704 2658 802 2757 ὥσπερ
827 2660 985 2758 Ξενοφάνης
1011 2669 1025 2729 ὁ
1049 2664 1241 2757 Κολοφώνιος,
1265 2670 1312 2731 ἵνα

235 2775 276 2858 μὴ
302 2760 454 2861 πράγματ’
478 2762 571 2855 ἔχωσι
599 2777 744 2847 ζητοῦντες
766 2774 816 2849 τὴν
845 2774 956 2835 αἰτίαν·
981 2766 1023 2835 διὸ
1048 2772 1098 2835 καί
1117 2760 1312 2858 Ἐμπεδοκλῆς

232 2870 319 2948 οὕτως
345 2873 500 2955 ἐπέπληξεν
527 2876 612 2941 εἰπὼν
637 2882 674 2950 ὡς
700 2868 845 2968 (potius
870 2870 938 2971 leg.
972 2876 1063 2952 αὐτοῖς
1088 2876 1245 2956 ἐπέπληξεν
1273 2881 1312 2941 εἰ·

235 2983 296 3051 πὼν
322 2974 381 3069 pide
394 2979 424 3076 )

332 3151 411 3239 ε’ίπερ
435 3152 568 3240 ἀπείρονα
596 3162 648 3238 γῆς
669 3171 700 3211 τε
727 3145 815 3228 βοὶθη
843 3150 893 3211 καί
914 3144 1031 3235 δαψιλὲς
1061 3150 1180 3239 αἰθὴρ,

334 3262 371 3327 ὡς
397 3250 444 3319 διὰ
464 3252 575 3319 πολλῶν
600 3250 635 3332 δὴ
664 3252 799 3343 γλώσσης
819 3248 951 3344 ῥηθέντα
977 3260 1107 3341 ματαίως

335 3364 487 3448 ἐκκέχυται
515 3368 670 3451 ςομάτων,
700 3359 789 3451 ὀλίγον
814 3369 860 3425 τοῦ
881 3363 983 3435 παντὸς
1009 3358 1125 3428 ἰδόντων
1150 3367 1184 3427 ¹7.

239 3520 475 3644 Xenophanes
501 3547 612 3643 igitur
650 3570 808 3616 caussam
836 3543 947 3638 huJus
974 3545 1027 3617 rei
1068 3570 1140 3615 non
1164 3546 1306 3642 quaesi-

236 3658 304 3749 vit,
319 3669 462 3729 tantum
478 3654 587 3744 dixit,
612 3654 721 3725 imam
738 3666 854 3726 terrae
872 3665 1010 3751 partem
1025 3654 1203 3725 infinitam
1222 3678 1305 3727 esse.

236 3762 350 3834 Dictio
374 3758 417 3834 ἐπ’
448 3759 563 3858 ἄπειρον
589 3770 640 3843 τὴν
663 3779 716 3855 γῆν
741 3755 923 3857 ἐρριζῶσθαι
955 3762 1092 3857 Ροὸῑίοα
1117 3772 1170 3833 est
1197 3773 1236 3834 et
1248 3762 1306 3857 ip·

274 4004 337 4086 (ιγ)
358 4006 473 4067 Aristot.
495 4006 530 4067 de
550 4007 634 4068 Coelo
656 4006 705 4080 11,
734 4008 779 4065 13.
800 4027 829 4086 p.
849 4005 930 4083 364,
952 4007 989 4065 Ι).
1021 4005 1110 4065 Iidem
1130 4026 1227 4067 versus
1254 4007 1309 4066 leri

148 4138 152 4147 .
230 4095 358 4157 lectionis
377 4098 511 4156 varietate
530 4096 660 4177 leguntur
673 4098 704 4155 in
720 4094 814 4156 libello
824 4094 859 4155 de
871 4096 1009 4178 Xenoph.
1023 4096 1091 4156 Zeu.
1105 4096 1194 4177 Gorg.
1205 4117 1267 4179 oap.
1281 4117 1306 4155 a.

1411 2571 1417 2816 ι

1412 2941 1418 3236 ί

1391 4045 1416 4294 ι

1407 4411 1417 4856 t
