<?xml version="1.0" encoding="UTF-8"?>
<!DOCTYPE html PUBLIC "-//W3C//DTD XHTML 1.0 Transitional//EN"
    "http://www.w3.org/TR/xhtml1/DTD/xhtml1-transitional.dtd">
<html xmlns="http://www.w3.org/1999/xhtml" xml:lang="en" lang="en">
 <head>
  <title>
</title>
<meta http-equiv="Content-Type" content="text/html;charset=utf-8" />
  <meta name='ocr-system' content='tesseract 3.04.00' />
  <meta name='ocr-capabilities' content='ocr_page ocr_carea ocr_par ocr_line ocrx_word'/>
</head>
<body>
  <div class='ocr_page' id='page_1' title='image "./xenophaniscolop01karsgoog_0232.png"; bbox 0 0 2842 4884; ppageno 0'>
   <div class='ocr_carea' id='block_1_1' title="bbox 253 428 1332 912">
    <p class='ocr_par' dir='ltr' id='par_1_1' title="bbox 261 428 918 494">
     <span class='ocr_line' id='line_1_1' title="bbox 261 428 918 494; baseline 0 0"><span class='ocrx_word' id='word_1_1' title='bbox 261 428 326 494; x_wconf 79' lang='grc'><strong>198</strong></span> <span class='ocrx_word' id='word_1_2' title='bbox 664 448 703 489; x_wconf 82' lang='lat' dir='ltr'><strong>nr</strong></span> <span class='ocrx_word' id='word_1_3' title='bbox 725 449 918 494; x_wconf 68' lang='lat' dir='ltr'><strong>unomen</strong></span> 
     </span>
    </p>

    <p class='ocr_par' dir='ltr' id='par_1_2' title="bbox 253 596 1332 912">
     <span class='ocr_line' id='line_1_2' title="bbox 255 596 1332 698; baseline 0 -23"><span class='ocrx_word' id='word_1_4' title='bbox 255 612 309 675; x_wconf 68' lang='lat' dir='ltr'><strong>at</strong></span> <span class='ocrx_word' id='word_1_5' title='bbox 332 596 602 698; x_wconf 81' lang='lat' dir='ltr'><strong>philosophandi</strong></span> <span class='ocrx_word' id='word_1_6' title='bbox 622 597 744 673; x_wconf 79' lang='lat' dir='ltr'><strong>riam:</strong></span> <span class='ocrx_word' id='word_1_7' title='bbox 767 598 808 669; x_wconf 91' lang='lat' dir='ltr'><strong>in</strong></span> <span class='ocrx_word' id='word_1_8' title='bbox 827 597 938 672; x_wconf 82' lang='lat' dir='ltr'><strong>altera</strong></span> <span class='ocrx_word' id='word_1_9' title='bbox 956 599 1161 672; x_wconf 75' lang='lat' dir='ltr'><strong>dominatur</strong></span> <span class='ocrx_word' id='word_1_10' title='bbox 1182 598 1332 675; x_wconf 74' lang='lat' dir='ltr'><strong>Italicae</strong></span> 
     </span>
     <span class='ocr_line' id='line_1_3' title="bbox 253 704 1330 806; baseline 0.002 -27"><span class='ocrx_word' id='word_1_11' title='bbox 253 706 494 805; x_wconf 75' lang='lat' dir='ltr'><strong>philosophiae</strong></span> <span class='ocrx_word' id='word_1_12' title='bbox 515 704 678 777; x_wconf 88' lang='lat' dir='ltr'><strong>studium</strong></span> <span class='ocrx_word' id='word_1_13' title='bbox 701 704 742 775; x_wconf 89' lang='lat' dir='ltr'><strong>in</strong></span> <span class='ocrx_word' id='word_1_14' title='bbox 767 705 898 778; x_wconf 74' lang='lat' dir='ltr'><strong>meatu</strong></span> <span class='ocrx_word' id='word_1_15' title='bbox 920 708 1129 805; x_wconf 79' lang='lat' dir='ltr'><strong>cogitatione</strong></span> <span class='ocrx_word' id='word_1_16' title='bbox 1140 709 1330 806; x_wconf 73' lang='lat' dir='ltr'><strong>positum,</strong></span> 
     </span>
     <span class='ocr_line' id='line_1_4' title="bbox 254 812 1330 912; baseline 0 -27"><span class='ocrx_word' id='word_1_17' title='bbox 254 816 293 885; x_wconf 89' lang='lat' dir='ltr'><strong>in</strong></span> <span class='ocrx_word' id='word_1_18' title='bbox 310 814 420 886; x_wconf 83' lang='lat' dir='ltr'><strong>altera</strong></span> <span class='ocrx_word' id='word_1_19' title='bbox 432 813 595 883; x_wconf 86' lang='lat' dir='ltr'><strong>cernitur</strong></span> <span class='ocrx_word' id='word_1_20' title='bbox 611 812 815 887; x_wconf 84' lang='lat' dir='ltr'><strong>lonicorum</strong></span> <span class='ocrx_word' id='word_1_21' title='bbox 834 812 1128 912; x_wconf 90' lang='lat' dir='ltr'><strong>philosophorum</strong></span> <span class='ocrx_word' id='word_1_22' title='bbox 1138 814 1330 912; x_wconf 82' lang='lat' dir='ltr'><strong>ingenium</strong></span> 
     </span>
    </p>
   </div>
   <div class='ocr_carea' id='block_1_2' title="bbox 97 914 1334 1017">
    <p class='ocr_par' dir='ltr' id='par_1_3' title="bbox 97 914 1334 1017">
     <span class='ocr_line' id='line_1_5' title="bbox 97 914 1334 1017; baseline -0.001 -23"><span class='ocrx_word' id='word_1_23' title='bbox 97 1008 101 1017; x_wconf 26' lang='lat'>⁵</span> <span class='ocrx_word' id='word_1_24' title='bbox 198 914 202 919; x_wconf 43' lang='lat'>¹</span> <span class='ocrx_word' id='word_1_25' title='bbox 252 922 482 993; x_wconf 78' lang='lat' dir='ltr'><strong>adsensum</strong></span> <span class='ocrx_word' id='word_1_26' title='bbox 493 918 672 1014; x_wconf 86' lang='lat' dir='ltr'><strong>judicium</strong></span> <span class='ocrx_word' id='word_1_27' title='bbox 689 920 809 990; x_wconf 81' lang='lat' dir='ltr'><strong>omnia</strong></span> <span class='ocrx_word' id='word_1_28' title='bbox 826 919 1064 993; x_wconf 77' lang='lat' dir='ltr'><strong>referentium</strong></span> <span class='ocrx_word' id='word_1_29' title='bbox 1080 918 1115 993; x_wconf 83' lang='lat'><strong>³⁰.</strong></span> <span class='ocrx_word' id='word_1_30' title='bbox 1138 922 1231 993; x_wconf 84' lang='lat' dir='ltr'><strong>Hinc</strong></span> <span class='ocrx_word' id='word_1_31' title='bbox 1250 922 1334 995; x_wconf 90' lang='lat' dir='ltr'><strong>duo</strong></span> 
     </span>
    </p>
   </div>
   <div class='ocr_carea' id='block_1_3' title="bbox 250 1024 1332 1662">
    <p class='ocr_par' dir='ltr' id='par_1_4' title="bbox 250 1024 1332 1662">
     <span class='ocr_line' id='line_1_6' title="bbox 252 1024 1331 1125; baseline 0.002 -28"><span class='ocrx_word' id='word_1_32' title='bbox 252 1024 513 1124; x_wconf 84' lang='lat' dir='ltr'><strong>quodammodo</strong></span> <span class='ocrx_word' id='word_1_33' title='bbox 536 1026 712 1123; x_wconf 88' lang='lat' dir='ltr'><strong>proposita</strong></span> <span class='ocrx_word' id='word_1_34' title='bbox 735 1038 821 1097; x_wconf 86' lang='lat' dir='ltr'><strong>sunt</strong></span> <span class='ocrx_word' id='word_1_35' title='bbox 839 1051 970 1124; x_wconf 83' lang='lat' dir='ltr'><strong>genera</strong></span> <span class='ocrx_word' id='word_1_36' title='bbox 993 1026 1253 1125; x_wconf 80' lang='lat' dir='ltr'><strong>philosophiae,</strong></span> <span class='ocrx_word' id='word_1_37' title='bbox 1271 1028 1331 1099; x_wconf 89' lang='lat' dir='ltr'><strong>al-</strong></span> 
     </span>
     <span class='ocr_line' id='line_1_7' title="bbox 252 1130 1332 1229; baseline 0.001 -25"><span class='ocrx_word' id='word_1_38' title='bbox 252 1143 372 1204; x_wconf 73' lang='lat' dir='ltr'><strong>terum</strong></span> <span class='ocrx_word' id='word_1_39' title='bbox 396 1130 538 1221; x_wconf 85' lang='lat' dir='ltr'><strong>divina,</strong></span> <span class='ocrx_word' id='word_1_40' title='bbox 561 1130 719 1204; x_wconf 81' lang='lat' dir='ltr'><strong>alteurm</strong></span> <span class='ocrx_word' id='word_1_41' title='bbox 741 1142 882 1204; x_wconf 87' lang='lat' dir='ltr'><strong>terrena</strong></span> <span class='ocrx_word' id='word_1_42' title='bbox 895 1145 943 1205; x_wconf 79' lang='lat' dir='ltr'><strong>et</strong></span> <span class='ocrx_word' id='word_1_43' title='bbox 965 1132 1123 1205; x_wconf 87' lang='lat' dir='ltr'><strong>humana</strong></span> <span class='ocrx_word' id='word_1_44' title='bbox 1147 1132 1332 1229; x_wconf 79' lang='lat' dir='ltr'><strong>compleo-</strong></span> 
     </span>
     <span class='ocr_line' id='line_1_8' title="bbox 252 1235 1332 1333; baseline 0.003 -26"><span class='ocrx_word' id='word_1_45' title='bbox 252 1248 330 1307; x_wconf 81' lang='lat' dir='ltr'><strong>teas</strong></span> <span class='ocrx_word' id='word_1_46' title='bbox 354 1261 363 1307; x_wconf 79' lang='lat' dir='ltr'><strong>t</strong></span> <span class='ocrx_word' id='word_1_47' title='bbox 389 1247 590 1333; x_wconf 82' lang='lat' dir='ltr'><strong>utrumque</strong></span> <span class='ocrx_word' id='word_1_48' title='bbox 610 1235 824 1333; x_wconf 85' lang='lat' dir='ltr'><strong>diligentius</strong></span> <span class='ocrx_word' id='word_1_49' title='bbox 846 1235 1088 1311; x_wconf 83' lang='lat' dir='ltr'><strong>distinxerunt</strong></span> <span class='ocrx_word' id='word_1_50' title='bbox 1114 1237 1262 1313; x_wconf 80' lang='lat' dir='ltr'><strong>Eleatici</strong></span> <span class='ocrx_word' id='word_1_51' title='bbox 1290 1252 1332 1311; x_wconf 87' lang='lat' dir='ltr'><strong>et</strong></span> 
     </span>
     <span class='ocr_line' id='line_1_9' title="bbox 253 1344 1332 1442; baseline 0.003 -27"><span class='ocrx_word' id='word_1_52' title='bbox 253 1344 372 1418; x_wconf 85' lang='lat' dir='ltr'><strong>divina</strong></span> <span class='ocrx_word' id='word_1_53' title='bbox 389 1344 438 1415; x_wconf 85' lang='lat' dir='ltr'><strong>ah</strong></span> <span class='ocrx_word' id='word_1_54' title='bbox 458 1346 625 1417; x_wconf 84' lang='lat' dir='ltr'><strong>humanis</strong></span> <span class='ocrx_word' id='word_1_55' title='bbox 649 1344 757 1441; x_wconf 91' lang='lat' dir='ltr'><strong>plane</strong></span> <span class='ocrx_word' id='word_1_56' title='bbox 778 1359 1011 1442; x_wconf 69' lang='lat' dir='ltr'><strong>separarunt,</strong></span> <span class='ocrx_word' id='word_1_57' title='bbox 1026 1346 1111 1437; x_wconf 91' lang='lat' dir='ltr'><strong>illa,</strong></span> <span class='ocrx_word' id='word_1_58' title='bbox 1135 1347 1332 1419; x_wconf 82' lang='lat' dir='ltr'><strong>iumentis</strong></span> 
     </span>
     <span class='ocr_line' id='line_1_10' title="bbox 251 1451 1330 1551; baseline 0.001 -30"><span class='ocrx_word' id='word_1_59' title='bbox 251 1452 464 1549; x_wconf 79' lang='lat' dir='ltr'><strong>cogitatione</strong></span> <span class='ocrx_word' id='word_1_60' title='bbox 476 1452 600 1549; x_wconf 82' lang='lat' dir='ltr'><strong>posita,</strong></span> <span class='ocrx_word' id='word_1_61' title='bbox 617 1451 774 1523; x_wconf 81' lang='lat' dir='ltr'><strong>studiose</strong></span> <span class='ocrx_word' id='word_1_62' title='bbox 786 1452 962 1543; x_wconf 84' lang='lat' dir='ltr'><strong>admirati,</strong></span> <span class='ocrx_word' id='word_1_63' title='bbox 976 1453 1064 1525; x_wconf 91' lang='lat' dir='ltr'><strong>haec</strong></span> <span class='ocrx_word' id='word_1_64' title='bbox 1078 1453 1223 1551; x_wconf 85' lang='lat' dir='ltr'><strong>quaein</strong></span> <span class='ocrx_word' id='word_1_65' title='bbox 1235 1478 1330 1523; x_wconf 90' lang='lat' dir='ltr'><strong>ocu-</strong></span> 
     </span>
     <span class='ocr_line' id='line_1_11' title="bbox 250 1556 1329 1662; baseline -0.001 -32"><span class='ocrx_word' id='word_1_66' title='bbox 250 1556 369 1630; x_wconf 89' lang='lat' dir='ltr'><strong>lorum</strong></span> <span class='ocrx_word' id='word_1_67' title='bbox 393 1570 588 1654; x_wconf 88' lang='lat' dir='ltr'><strong>conspectu</strong></span> <span class='ocrx_word' id='word_1_68' title='bbox 606 1571 692 1630; x_wconf 89' lang='lat' dir='ltr'><strong>sunt</strong></span> <span class='ocrx_word' id='word_1_69' title='bbox 706 1556 888 1649; x_wconf 87' lang='lat' dir='ltr'><strong>collocata,</strong></span> <span class='ocrx_word' id='word_1_70' title='bbox 916 1584 1031 1655; x_wconf 84' lang='lat' dir='ltr'><strong>paene</strong></span> <span class='ocrx_word' id='word_1_71' title='bbox 1046 1572 1329 1662; x_wconf 76' lang='lat' dir='ltr'><strong>contemserunt.</strong></span> 
     </span>
    </p>
   </div>
   <div class='ocr_carea' id='block_1_4' title="bbox 244 1727 1329 3417">
    <p class='ocr_par' dir='ltr' id='par_1_5' title="bbox 244 1727 1329 3417">
     <span class='ocr_line' id='line_1_12' title="bbox 298 1727 1326 1829; baseline -0.003 -26"><span class='ocrx_word' id='word_1_72' title='bbox 298 1732 328 1803; x_wconf 92' lang='lat' dir='ltr'><strong>E</strong></span> <span class='ocrx_word' id='word_1_73' title='bbox 362 1730 591 1829; x_wconf 87' lang='lat' dir='ltr'><strong>Xenophanis</strong></span> <span class='ocrx_word' id='word_1_74' title='bbox 616 1728 889 1829; x_wconf 90' lang='lat' dir='ltr'><strong>philosophandi</strong></span> <span class='ocrx_word' id='word_1_75' title='bbox 914 1734 1050 1803; x_wconf 91' lang='lat' dir='ltr'><strong>ratione</strong></span> <span class='ocrx_word' id='word_1_76' title='bbox 1078 1730 1179 1804; x_wconf 85' lang='lat' dir='ltr'><strong>facile</strong></span> <span class='ocrx_word' id='word_1_77' title='bbox 1212 1727 1326 1801; x_wconf 89' lang='lat' dir='ltr'><strong>intel-</strong></span> 
     </span>
     <span class='ocr_line' id='line_1_13' title="bbox 248 1834 1329 1937; baseline 0 -28"><span class='ocrx_word' id='word_1_78' title='bbox 248 1835 391 1937; x_wconf 83' lang='lat' dir='ltr'><strong>ligitur,</strong></span> <span class='ocrx_word' id='word_1_79' title='bbox 417 1834 515 1937; x_wconf 84' lang='lat' dir='ltr'><strong>quod</strong></span> <span class='ocrx_word' id='word_1_80' title='bbox 540 1836 599 1909; x_wconf 92' lang='lat' dir='ltr'><strong>hic</strong></span> <span class='ocrx_word' id='word_1_81' title='bbox 621 1838 661 1906; x_wconf 89' lang='lat' dir='ltr'><strong>in</strong></span> <span class='ocrx_word' id='word_1_82' title='bbox 685 1836 809 1934; x_wconf 91' lang='lat' dir='ltr'><strong>primis</strong></span> <span class='ocrx_word' id='word_1_83' title='bbox 824 1837 929 1907; x_wconf 81' lang='lat' dir='ltr'><strong>fuisse</strong></span> <span class='ocrx_word' id='word_1_84' title='bbox 943 1837 1098 1908; x_wconf 82' lang='lat' dir='ltr'><strong>traditur</strong></span> <span class='ocrx_word' id='word_1_85' title='bbox 1116 1837 1181 1935; x_wconf 89' lang='lat' dir='ltr'><strong>qui</strong></span> <span class='ocrx_word' id='word_1_86' title='bbox 1202 1837 1248 1909; x_wconf 90' lang='lat' dir='ltr'><strong>de</strong></span> <span class='ocrx_word' id='word_1_87' title='bbox 1269 1863 1329 1909; x_wconf 82' lang='lat' dir='ltr'><strong>ve·</strong></span> 
     </span>
     <span class='ocr_line' id='line_1_14' title="bbox 248 1940 1328 2041; baseline 0.001 -28"><span class='ocrx_word' id='word_1_88' title='bbox 248 1943 361 2015; x_wconf 78' lang='lat' dir='ltr'><strong>sitatis</strong></span> <span class='ocrx_word' id='word_1_89' title='bbox 378 1942 582 2041; x_wconf 86' lang='lat' dir='ltr'><strong>cognitione</strong></span> <span class='ocrx_word' id='word_1_90' title='bbox 600 1943 716 2039; x_wconf 91' lang='lat' dir='ltr'><strong>coepit</strong></span> <span class='ocrx_word' id='word_1_91' title='bbox 734 1940 912 2014; x_wconf 90' lang='lat' dir='ltr'><strong>dubitare.</strong></span> <span class='ocrx_word' id='word_1_92' title='bbox 933 1940 1059 2035; x_wconf 86' lang='lat' dir='ltr'><strong>Quum</strong></span> <span class='ocrx_word' id='word_1_93' title='bbox 1082 1944 1179 2013; x_wconf 88' lang='lat' dir='ltr'><strong>enim</strong></span> <span class='ocrx_word' id='word_1_94' title='bbox 1202 1941 1328 2014; x_wconf 89' lang='lat' dir='ltr'><strong>relicta</strong></span> 
     </span>
     <span class='ocr_line' id='line_1_15' title="bbox 247 2042 1328 2147; baseline -0.001 -27"><span class='ocrx_word' id='word_1_95' title='bbox 247 2042 387 2145; x_wconf 85' lang='lat' dir='ltr'><strong>vulgari</strong></span> <span class='ocrx_word' id='word_1_96' title='bbox 412 2048 580 2145; x_wconf 88' lang='lat' dir='ltr'><strong>opinione</strong></span> <span class='ocrx_word' id='word_1_97' title='bbox 610 2048 859 2122; x_wconf 85' lang='lat' dir='ltr'><strong>novamviam</strong></span> <span class='ocrx_word' id='word_1_98' title='bbox 885 2060 976 2120; x_wconf 88' lang='lat' dir='ltr'><strong>esset</strong></span> <span class='ocrx_word' id='word_1_99' title='bbox 1001 2050 1199 2147; x_wconf 85' lang='lat' dir='ltr'><strong>ingressus,</strong></span> <span class='ocrx_word' id='word_1_100' title='bbox 1235 2048 1328 2144; x_wconf 90' lang='lat' dir='ltr'><strong>quid</strong></span> 
     </span>
     <span class='ocr_line' id='line_1_16' title="bbox 247 2152 1328 2253; baseline -0.002 -28"><span class='ocrx_word' id='word_1_101' title='bbox 247 2154 382 2225; x_wconf 89' lang='lat' dir='ltr'><strong>mirum</strong></span> <span class='ocrx_word' id='word_1_102' title='bbox 407 2154 437 2224; x_wconf 91' lang='lat' dir='ltr'><strong>si</strong></span> <span class='ocrx_word' id='word_1_103' title='bbox 458 2160 539 2224; x_wconf 81' lang='lat' dir='ltr'><strong>avia</strong></span> <span class='ocrx_word' id='word_1_104' title='bbox 573 2152 634 2225; x_wconf 92' lang='lat' dir='ltr'><strong>illa</strong></span> <span class='ocrx_word' id='word_1_105' title='bbox 660 2158 845 2225; x_wconf 81' lang='lat' dir='ltr'><strong>Musarum</strong></span> <span class='ocrx_word' id='word_1_106' title='bbox 872 2160 942 2225; x_wconf 83' lang='lat' dir='ltr'><strong>loco</strong></span> <span class='ocrx_word' id='word_1_107' title='bbox 963 2179 1169 2253; x_wconf 85' lang='lat' dir='ltr'><strong>peragrans,</strong></span> <span class='ocrx_word' id='word_1_108' title='bbox 1189 2159 1328 2223; x_wconf 76' lang='lat' dir='ltr'><strong>nullius</strong></span> 
     </span>
     <span class='ocr_line' id='line_1_17' title="bbox 250 2258 1326 2343; baseline 0.004 -16"><span class='ocrx_word' id='word_1_109' title='bbox 250 2271 330 2330; x_wconf 81' lang='lat' dir='ltr'><strong>onte</strong></span> <span class='ocrx_word' id='word_1_110' title='bbox 354 2266 440 2330; x_wconf 84' lang='lat' dir='ltr'><strong>trita</strong></span> <span class='ocrx_word' id='word_1_111' title='bbox 466 2266 555 2343; x_wconf 84' lang='lat' dir='ltr'><strong>solo,</strong></span> <span class='ocrx_word' id='word_1_112' title='bbox 570 2258 753 2333; x_wconf 83' lang='lat' dir='ltr'><strong>vacillaret</strong></span> <span class='ocrx_word' id='word_1_113' title='bbox 783 2260 967 2331; x_wconf 89' lang='lat' dir='ltr'><strong>interdum</strong></span> <span class='ocrx_word' id='word_1_114' title='bbox 995 2273 1031 2331; x_wconf 91' lang='lat' dir='ltr'><strong>et</strong></span> <span class='ocrx_word' id='word_1_115' title='bbox 1055 2285 1177 2332; x_wconf 91' lang='lat' dir='ltr'><strong>rerum</strong></span> <span class='ocrx_word' id='word_1_116' title='bbox 1198 2258 1326 2331; x_wconf 87' lang='lat' dir='ltr'><strong>obscu-</strong></span> 
     </span>
     <span class='ocr_line' id='line_1_18' title="bbox 249 2361 1327 2462; baseline 0.001 -29"><span class='ocrx_word' id='word_1_117' title='bbox 249 2364 333 2433; x_wconf 82' lang='lat' dir='ltr'><strong>ritas</strong></span> <span class='ocrx_word' id='word_1_118' title='bbox 368 2362 479 2433; x_wconf 88' lang='lat' dir='ltr'><strong>aciem</strong></span> <span class='ocrx_word' id='word_1_119' title='bbox 505 2361 583 2455; x_wconf 86' lang='lat' dir='ltr'><strong>ejus</strong></span> <span class='ocrx_word' id='word_1_120' title='bbox 618 2364 911 2461; x_wconf 83' lang='lat' dir='ltr'><strong>praestringeret,</strong></span> <span class='ocrx_word' id='word_1_121' title='bbox 956 2390 1029 2461; x_wconf 90' lang='lat' dir='ltr'><strong>quo</strong></span> <span class='ocrx_word' id='word_1_122' title='bbox 1057 2367 1156 2462; x_wconf 89' lang='lat' dir='ltr'><strong>quasi</strong></span> <span class='ocrx_word' id='word_1_123' title='bbox 1179 2361 1327 2436; x_wconf 91' lang='lat' dir='ltr'><strong>haluci-</strong></span> 
     </span>
     <span class='ocr_line' id='line_1_19' title="bbox 246 2466 1327 2568; baseline 0.003 -29"><span class='ocrx_word' id='word_1_124' title='bbox 246 2494 335 2539; x_wconf 88' lang='lat' dir='ltr'><strong>nans</strong></span> <span class='ocrx_word' id='word_1_125' title='bbox 364 2466 578 2541; x_wconf 84' lang='lat' dir='ltr'><strong>exclamaret</strong></span> <span class='ocrx_word' id='word_1_126' title='bbox 607 2468 742 2539; x_wconf 88' lang='lat' dir='ltr'><strong>incerta</strong></span> <span class='ocrx_word' id='word_1_127' title='bbox 769 2494 844 2541; x_wconf 90' lang='lat' dir='ltr'><strong>esse</strong></span> <span class='ocrx_word' id='word_1_128' title='bbox 868 2471 1011 2561; x_wconf 90' lang='lat' dir='ltr'><strong>omnia,</strong></span> <span class='ocrx_word' id='word_1_129' title='bbox 1038 2469 1129 2541; x_wconf 90' lang='lat' dir='ltr'><strong>nihil</strong></span> <span class='ocrx_word' id='word_1_130' title='bbox 1143 2496 1240 2568; x_wconf 89' lang='lat' dir='ltr'><strong>posse</strong></span> <span class='ocrx_word' id='word_1_131' title='bbox 1264 2498 1327 2543; x_wconf 89' lang='lat' dir='ltr'><strong>co-</strong></span> 
     </span>
     <span class='ocr_line' id='line_1_20' title="bbox 244 2574 1329 2675; baseline 0.006 -29"><span class='ocrx_word' id='word_1_132' title='bbox 244 2577 375 2675; x_wconf 78' lang='lat' dir='ltr'><strong>gnosci.</strong></span> <span class='ocrx_word' id='word_1_133' title='bbox 417 2574 629 2649; x_wconf 87' lang='lat' dir='ltr'><strong>Praesertim</strong></span> <span class='ocrx_word' id='word_1_134' title='bbox 659 2576 699 2647; x_wconf 90' lang='lat' dir='ltr'><strong>in</strong></span> <span class='ocrx_word' id='word_1_135' title='bbox 737 2575 1009 2675; x_wconf 87' lang='lat' dir='ltr'><strong>contemplanda</strong></span> <span class='ocrx_word' id='word_1_136' title='bbox 1043 2592 1171 2651; x_wconf 90' lang='lat' dir='ltr'><strong>natura</strong></span> <span class='ocrx_word' id='word_1_137' title='bbox 1203 2603 1329 2675; x_wconf 88' lang='lat' dir='ltr'><strong>quum</strong></span> 
     </span>
     <span class='ocr_line' id='line_1_21' title="bbox 248 2678 1328 2781; baseline 0.003 -26"><span class='ocrx_word' id='word_1_138' title='bbox 248 2682 487 2755; x_wconf 86' lang='lat' dir='ltr'><strong>consideraret</strong></span> <span class='ocrx_word' id='word_1_139' title='bbox 511 2678 752 2781; x_wconf 90' lang='lat' dir='ltr'><strong>multiplicem</strong></span> <span class='ocrx_word' id='word_1_140' title='bbox 775 2707 899 2756; x_wconf 90' lang='lat' dir='ltr'><strong>rerum</strong></span> <span class='ocrx_word' id='word_1_141' title='bbox 923 2683 1086 2756; x_wconf 89' lang='lat' dir='ltr'><strong>omnium</strong></span> <span class='ocrx_word' id='word_1_142' title='bbox 1114 2684 1328 2758; x_wconf 85' lang='lat' dir='ltr'><strong>varietatem</strong></span> 
     </span>
     <span class='ocr_line' id='line_1_22' title="bbox 246 2787 1328 2876; baseline -0.001 -13"><span class='ocrx_word' id='word_1_143' title='bbox 246 2801 282 2863; x_wconf 84' lang='lat' dir='ltr'><strong>et</strong></span> <span class='ocrx_word' id='word_1_144' title='bbox 323 2790 621 2876; x_wconf 86' lang='lat' dir='ltr'><strong>inconstantiam,</strong></span> <span class='ocrx_word' id='word_1_145' title='bbox 657 2788 869 2863; x_wconf 85' lang='lat' dir='ltr'><strong>existimavit</strong></span> <span class='ocrx_word' id='word_1_146' title='bbox 904 2790 943 2860; x_wconf 90' lang='lat' dir='ltr'><strong>in</strong></span> <span class='ocrx_word' id='word_1_147' title='bbox 974 2788 1028 2862; x_wconf 88' lang='lat' dir='ltr'><strong>his</strong></span> <span class='ocrx_word' id='word_1_148' title='bbox 1062 2787 1153 2861; x_wconf 90' lang='lat' dir='ltr'><strong>nihil</strong></span> <span class='ocrx_word' id='word_1_149' title='bbox 1181 2802 1328 2862; x_wconf 90' lang='lat' dir='ltr'><strong>certum</strong></span> 
     </span>
     <span class='ocr_line' id='line_1_23' title="bbox 245 2893 1328 2993; baseline -0.004 -21"><span class='ocrx_word' id='word_1_150' title='bbox 245 2920 343 2989; x_wconf 72' lang='lat' dir='ltr'><strong>ease,</strong></span> <span class='ocrx_word' id='word_1_151' title='bbox 373 2895 492 2967; x_wconf 89' lang='lat' dir='ltr'><strong>omnia</strong></span> <span class='ocrx_word' id='word_1_152' title='bbox 520 2895 559 2967; x_wconf 90' lang='lat' dir='ltr'><strong>in</strong></span> <span class='ocrx_word' id='word_1_153' title='bbox 590 2893 758 2993; x_wconf 89' lang='lat' dir='ltr'><strong>opinione</strong></span> <span class='ocrx_word' id='word_1_154' title='bbox 784 2896 925 2969; x_wconf 88' lang='lat' dir='ltr'><strong>versari.</strong></span> <span class='ocrx_word' id='word_1_155' title='bbox 950 2896 1006 2968; x_wconf 90' lang='lat' dir='ltr'><strong>Sic</strong></span> <span class='ocrx_word' id='word_1_156' title='bbox 1030 2908 1111 2967; x_wconf 88' lang='lat' dir='ltr'><strong>nata</strong></span> <span class='ocrx_word' id='word_1_157' title='bbox 1131 2908 1184 2967; x_wconf 90' lang='lat' dir='ltr'><strong>est</strong></span> <span class='ocrx_word' id='word_1_158' title='bbox 1269 2899 1328 2969; x_wconf 90' lang='lat' dir='ltr'><strong>ni-</strong></span> 
     </span>
     <span class='ocr_line' id='line_1_24' title="bbox 245 2916 1324 3101; baseline 0.005 -32"><span class='ocrx_word' id='word_1_159' title='bbox 245 3000 349 3073; x_wconf 86' lang='lat' dir='ltr'><strong>tionis</strong></span> <span class='ocrx_word' id='word_1_160' title='bbox 382 3000 580 3087; x_wconf 84' lang='lat' dir='ltr'><strong>dubitatio,</strong></span> <span class='ocrx_word' id='word_1_161' title='bbox 609 3025 702 3101; x_wconf 90' lang='lat' dir='ltr'><strong>qnae</strong></span> <span class='ocrx_word' id='word_1_162' title='bbox 728 3012 772 3073; x_wconf 90' lang='lat' dir='ltr'><strong>ut</strong></span> <span class='ocrx_word' id='word_1_163' title='bbox 796 2998 951 3073; x_wconf 89' lang='lat' dir='ltr'><strong>melioris</strong></span> <span class='ocrx_word' id='word_1_164' title='bbox 978 2916 1324 3098; x_wconf 51' lang='lat' dir='ltr'><strong>philosophiaemiuit</strong></span> 
     </span>
     <span class='ocr_line' id='line_1_25' title="bbox 244 3106 1324 3207; baseline 0.003 -30"><span class='ocrx_word' id='word_1_165' title='bbox 244 3106 414 3197; x_wconf 89' lang='lat' dir='ltr'><strong>initium,</strong></span> <span class='ocrx_word' id='word_1_166' title='bbox 446 3106 495 3179; x_wconf 93' lang='lat' dir='ltr'><strong>sic</strong></span> <span class='ocrx_word' id='word_1_167' title='bbox 522 3108 629 3182; x_wconf 87' lang='lat' dir='ltr'><strong>etiam</strong></span> <span class='ocrx_word' id='word_1_168' title='bbox 661 3107 802 3207; x_wconf 87' lang='lat' dir='ltr'><strong>peperit</strong></span> <span class='ocrx_word' id='word_1_169' title='bbox 829 3107 1018 3207; x_wconf 83' lang='lat' dir='ltr'><strong>captiosam</strong></span> <span class='ocrx_word' id='word_1_170' title='bbox 1040 3106 1140 3178; x_wconf 91' lang='lat' dir='ltr'><strong>illam</strong></span> <span class='ocrx_word' id='word_1_171' title='bbox 1172 3108 1324 3205; x_wconf 89' lang='lat' dir='ltr'><strong>Sophis-</strong></span> 
     </span>
     <span class='ocr_line' id='line_1_26' title="bbox 244 3210 1322 3313; baseline 0.005 -28"><span class='ocrx_word' id='word_1_172' title='bbox 244 3224 365 3287; x_wconf 89' lang='lat' dir='ltr'><strong>tarum</strong></span> <span class='ocrx_word' id='word_1_173' title='bbox 398 3214 598 3307; x_wconf 87' lang='lat' dir='ltr'><strong>rationem,</strong></span> <span class='ocrx_word' id='word_1_174' title='bbox 626 3214 695 3312; x_wconf 66' lang='lat' dir='ltr'><strong>¹qui</strong></span> <span class='ocrx_word' id='word_1_175' title='bbox 729 3211 828 3285; x_wconf 86' lang='lat' dir='ltr'><strong>inani</strong></span> <span class='ocrx_word' id='word_1_176' title='bbox 861 3210 1055 3289; x_wconf 86' lang='lat' dir='ltr'><strong>disserendi</strong></span> <span class='ocrx_word' id='word_1_177' title='bbox 1086 3216 1240 3313; x_wconf 90' lang='lat' dir='ltr'><strong>aucupio</strong></span> <span class='ocrx_word' id='word_1_178' title='bbox 1262 3241 1322 3290; x_wconf 90' lang='lat' dir='ltr'><strong>re-</strong></span> 
     </span>
     <span class='ocr_line' id='line_1_27' title="bbox 246 3316 864 3417; baseline 0 -26"><span class='ocrx_word' id='word_1_179' title='bbox 246 3342 329 3393; x_wconf 89' lang='lat' dir='ltr'><strong>rum</strong></span> <span class='ocrx_word' id='word_1_180' title='bbox 354 3320 591 3417; x_wconf 84' lang='lat' dir='ltr'><strong>cognitionem</strong></span> <span class='ocrx_word' id='word_1_181' title='bbox 617 3316 864 3395; x_wconf 89' lang='lat' dir='ltr'><strong>obscurarunt.</strong></span> 
     </span>
    </p>
   </div>
   <div class='ocr_carea' id='block_1_5' title="bbox 284 3551 748 3636">
    <p class='ocr_par' dir='ltr' id='par_1_6' title="bbox 284 3551 748 3636">
     <span class='ocr_line' id='line_1_28' title="bbox 284 3551 748 3636; baseline -0.004 -21"><span class='ocrx_word' id='word_1_182' title='bbox 284 3552 350 3635; x_wconf 82' lang='lat'><strong>(30)</strong></span> <span class='ocrx_word' id='word_1_183' title='bbox 372 3553 475 3615; x_wconf 81' lang='lat' dir='ltr'><strong>Cossis</strong></span> <span class='ocrx_word' id='word_1_184' title='bbox 493 3552 513 3615; x_wconf 87' lang='lat' dir='ltr'><strong>l.</strong></span> <span class='ocrx_word' id='word_1_185' title='bbox 535 3552 555 3612; x_wconf 91' lang='lat' dir='ltr'><strong>l.</strong></span> <span class='ocrx_word' id='word_1_186' title='bbox 578 3575 606 3636; x_wconf 90' lang='lat' dir='ltr'><strong>p.</strong></span> <span class='ocrx_word' id='word_1_187' title='bbox 628 3551 669 3633; x_wconf 76' lang='grc'><strong>84</strong></span> <span class='ocrx_word' id='word_1_188' title='bbox 688 3574 748 3633; x_wconf 82' lang='lat' dir='ltr'><strong>sqq.</strong></span> 
     </span>
    </p>
   </div>
   <div class='ocr_carea' id='block_1_6' title="bbox 0 0 1426 4884">
    <p class='ocr_par' dir='ltr' id='par_1_7' title="bbox 0 0 1426 4884">
     <span class='ocr_line' id='line_1_29' title="bbox 0 0 1426 4884; baseline 0 5"><span class='ocrx_word' id='word_1_189' title='bbox 0 0 1426 4884; x_wconf 95' lang='lat' dir='ltr'><strong> </strong></span> 
     </span>
    </p>
   </div>
  </div>
 </body>
</html>
