2842 4884
176 395 303 462 'XX

290 546 387 626 ¹lum
423 546 568 618 initium
604 545 764 620 facturus
800 572 924 635 suma
961 548 1202 648 Xenophane,
1224 549 1328 624 Elea-

261 679 414 752 ticorum
433 689 592 766 auctore,
607 677 651 750 de
666 703 739 777 quo
762 677 801 750 in
825 677 891 752 hoc
913 679 1095 756 volumine
1120 692 1256 779 agetur.
1283 680 1330 753 In

207 808 211 814 ’
261 808 464 908 colligendis
488 809 598 906 hujus
623 811 828 908 fragmentis
847 811 971 885 studui
996 839 1054 886 me
1079 838 1153 887 esse
1177 812 1331 912 diligen-

262 953 348 1030 tem,
368 950 488 1012 tamen
505 964 596 1010 num
607 940 782 1038 quaedam
795 941 937 1015 fortasse
954 968 1012 1014 me
1029 942 1189 1042 fugerint
1204 970 1223 1015 a
1240 968 1329 1042 quo-

262 1071 396 1144 tidiano
416 1069 590 1144 librorum
608 1073 818 1146 commercio
831 1086 868 1145 et
879 1071 1103 1146 literatorum
1126 1075 1330 1172 frequentia

262 1217 457 1295 remotum,
484 1204 549 1276 etsi
564 1230 637 1276 non
660 1205 776 1297 credo,
794 1205 966 1280 affirmare
979 1219 1100 1279 umen
1116 1233 1188 1278 non
1201 1207 1327 1280 audeo

262 1336 357 1408 Haec
372 1347 494 1408 autem
510 1337 679 1433 quoniam
692 1348 795 1410 erant
805 1342 970 1437 pauciora
983 1363 1092 1438 quam
1105 1339 1330 1411 utseutentia

261 1470 339 1564 ejus
350 1467 434 1540 inde
448 1468 597 1565 perspici
608 1475 739 1564 posset,
765 1495 809 1542 eo
818 1470 1006 1542 studiosius
1031 1472 1236 1566 persecutus
1246 1495 1328 1542 sum

259 1600 472 1696 scriptorum
502 1601 702 1673 testimonia
732 1599 828 1672 illius
854 1599 983 1699 placita
1001 1577 1260 1693 referentium,
1284 1613 1328 1673 ut

258 1731 389 1806 horum
414 1733 530 1830 copia·
553 1732 812 1830 quodammodo
839 1732 988 1806 illorum
1015 1733 1205 1830 penuriam
1233 1758 1329 1805 com=

258 1875 432 1959 pensaret.

308 2108 361 2179 De
386 2106 604 2203 Xenophane
625 2109 689 2206 qui
708 2106 912 2206 singulatim
929 2109 1161 2206 scripserunt,
1188 2121 1330 2205 praeter

260 2235 344 2309 alios
356 2237 575 2310 memorandi
590 2238 801 2311 Feuerlinus
815 2251 857 2335 ¹et
872 2239 1158 2334 Rosohmannus3
1173 2253 1328 2344 uterque

258 2368 393 2466 scripsit
406 2375 690 2442 Dissertationem
704 2376 1037 2465 HistonPlriloroplr.
1051 2372 1092 2441 de
1104 2375 1326 2467 Xenophane,

259 2498 390 2572 editam
406 2497 558 2570 Altdorf.
583 2525 696 2598 1729,
723 2501 775 2590 4⁰.
797 2501 1000 2598 Utrumque
1021 2512 1142 2572 autem
1156 2502 1328 2597 scriptum

185 2721 188 2729 Ι
258 2611 345 2701 adeo
376 2654 498 2700 rarum
522 2643 597 2721 est,
623 2642 667 2700 ut
701 2655 814 2727 paene
828 2633 956 2728 jame
993 2629 1178 2702 doctorum
1202 2631 1327 2701 notitia

258 2765 455 2838 evanuerit.
493 2763 669 2862 Equidem
704 2791 789 2837 cum
826 2763 906 2836 diu.
924 2765 1055 2835 frustra
1092 2765 1326 2861 quaesissem,

258 2908 446 2968 contentus
470 2922 543 2968 esse
571 2895 681 2968 dehui
709 2897 751 2968 iis
788 2921 881 2994 quae
911 2894 971 2966 alii
997 2893 1081 2966 inde
1108 2894 1325 2968 retulerunt.

259 3017 382 3121 Neque
413 3032 533 3098 tamen
562 3027 683 3124 magni
713 3025 873 3098 facienda
902 3024 1045 3117 videtur
1060 3023 1148 3096 haee
1168 3027 1325 3117 jactura,

153 3162 156 3166 ’
257 3178 375 3250 quum
388 3180 460 3226 non
470 3155 624 3245 dubium
638 3155 800 3231 videatur
811 3154 902 3252 quin
926 3152 1116 3252 pleraque,
1140 3151 1270 3226 deinde
1282 3151 1329 3224 ah

260 3281 336 3356 aliis
362 3297 572 3378 retraetata,
596 3290 671 3381 jam
693 3285 899 3385 diligentius
924 3286 1080 3383 exposita
1108 3284 1189 3356 sint.

308 3539 534 3637 Xenophanis
558 3541 753 3640 fragmenta
775 3567 870 3638 quae
895 3542 939 3613 ad
964 3539 1223 3639 philosophiam
1238 3563 1329 3636 per-

259 3672 377 3745 tinent
390 3698 572 3746 reeensere
584 3674 740 3746 instituit
751 3671 958 3764 Fiillehorn‚
973 3677 1163 3768 Beytrueqo
1174 3697 1249 3747 zur
1264 3673 1330 3740 Ge·

259 3810 409 3876 eohiolrte
436 3807 499 3878 dor
526 3812 756 3900 Philosophia
783 3804 964 3900 Copiosius
995 3817 1033 3876 et
1060 3802 1237 3876 eruditius
1263 3825 1331 3872 ex-

262 3931 389 4030 plicuit
424 3936 506 4008 Chr.
529 3937 637 4034 hug.
674 3935 841 4022 Brandis,
881 3936 974 4009 edita
1007 3937 1333 4008 Commentationum

262 4066 498 4136 Eleatiearom
520 4077 626 4160 parte
646 4071 785 4161 prima,
810 4063 962 4138 Altonae
991 4061 1101 4155 1813,
1118 4064 1241 4160 inqua
1257 4059 1333 4132 Xe-
