2842 4884
1039 466 1041 470 .
1120 425 1172 467 111

108 579 264 670 limato,
299 577 401 650 nullo
445 571 623 650 doetrinae
661 575 801 651 lumine
835 575 1032 670 illustrato,
1068 574 1172 674 plura
1238 671 1240 674 y

106 710 214 782 etiam
236 709 352 781 omisit
372 732 466 806 quae
488 719 567 781 tum
586 706 701 782 adhuc
723 707 780 783 vel
804 706 950 782 latentia
970 707 1027 783 vel
1048 708 1172 807 incog-

14 917 17 922 ,
104 841 180 912 nita
195 841 313 936 ‘serior
342 838 489 912 demum
519 849 613 912 aetas
641 840 680 910 in
707 838 827 912 lucem
859 837 1019 937 protulit.
1047 838 1170 912 Postea

106 997 211 1064 vero,
237 969 390 1044 maxime
429 983 546 1042 nostra
569 981 706 1064 aetate,
732 968 840 1044 multi
874 982 911 1043 et
945 968 1170 1043 literatissimi

106 1102 265 1176 homines
291 1102 336 1175 ad
359 1103 445 1175 haec
470 1103 585 1177 studia
609 1127 645 1176 se
672 1100 925 1189 contulerunt,
950 1100 1172 1196 Brandisius,

103 1233 313 1328 Boeckhius,
328 1233 684 1327 Schleiermacherus,
701 1235 878 1325 Sturzius,
894 1232 1171 1323 Schauhachius,

104 1367 185 1460 alii,
211 1369 275 1466 qui
296 1366 519 1468 singulorum
543 1370 748 1468 fragmentis
770 1367 986 1466 explicandis
1011 1368 1170 1441 multum

102 1497 192 1572 lucis
210 1499 410 1574 attulerunt
428 1500 680 1599 philosophiae.
704 1489 869 1592 Quorum
884 1525 948 1572 nos
965 1499 1172 1597 exemplum

102 1630 215 1702 secuti
244 1633 492 1729 proposuimus
516 1641 680 1704 veterum
709 1626 1020 1727 philosophorum,
1045 1653 1171 1702 eorum

4 1823 8 1836 ‚
101 1761 255 1832 maxime
289 1761 353 1858 qui
386 1772 468 1832 ante
503 1759 687 1832 Platonem
714 1757 944 1850 floruerunt,
975 1759 1172 1858 fragmenta

101 1914 284 1964 recensere
329 1917 338 1962 ι
377 1892 416 1962 in
456 1889 511 1962 his
555 1889 732 1988 principes
774 1903 883 1963 erunt
913 1887 1170 1989 Xenophanes,

100 2020 356 2114 Parmenides,
386 2018 639 2119 Empedocles,
668 2020 915 2118 Anaxagoras,
944 2019 1172 2118 Heraclitus,

103 2151 349 2247 Democritus,
376 2151 509 2250 aliique
540 2151 720 2225 doctrinae
744 2153 879 2226 ratione
905 2178 990 2226 cum
1012 2153 1067 2239 his
1090 2182 1172 2228 con-

101 2285 246 2378 juncti,
270 2285 411 2357 fortasse
425 2285 661 2386 adjungemus
685 2284 792 2359 etiam
804 2284 1070 2385 Pythagoreos,
1090 2287 1172 2360 Phi·
1247 2301 1250 2324 ¹

103 2411 237 2490 lolaum
259 2397 465 2516 praesertim
492 2430 529 2492 et
552 2419 768 2518 Archytam,
794 2419 882 2490 item
896 2417 1050 2517 Orphica
1063 2445 1171 2518 quae-

103 2547 185 2620 dam
203 2561 240 2621 et
251 2547 337 2640 alia,
351 2549 471 2646 prouti
483 2549 618 2643 otium,
632 2548 814 2641 studium,
827 2546 1007 2620 doctrinae
1023 2548 1171 2622 facultas

102 2704 226 2752 meum
249 2679 406 2754 laborem
428 2681 681 2754 moderabitur.

149 3038 287 3110 Horum
311 3022 437 3146 autem,
456 3063 672 3139 quamquam
693 3038 807 3112 multa
832 3041 906 3134 jam
928 3038 973 3110 ah
993 3036 1069 3110 aliis
1086 3052 1172 3112 sunt

100 3176 258 3258 tractata,
272 3177 396 3240 tamen
409 3168 458 3241 sio
470 3193 573 3267 agere
584 3169 737 3261 institui,
754 3179 797 3241 ut
809 3168 985 3241 omniaex
1002 3167 1084 3265 ipsis
1095 3168 1172 3240 fon·
1288 3206 1291 3210 “

99 3294 196 3368 tihus
208 3295 392 3396 depromta
401 3325 601 3374 recenseam
613 3313 660 3395 et,
669 3298 1172 3398 adhibitisillorumoperibus,
1266 3388 1270 3402 1

100 3450 179 3498 mea
207 3429 343 3502 ratione
374 3429 568 3526 illustrem,
603 3444 683 3504 tum
715 3433 822 3505 etiam
847 3432 1068 3530 quaestiones
1090 3430 1173 3502 suh-

98 3557 271 3654 jungam,
303 3557 435 3656 quibus
458 3561 657 3659 gravissima
681 3585 807 3633 eorum
834 3557 1074 3657 philosophiae
1101 3555 1174 3653 pla·

100 3687 168 3758 cita
183 3677 234 3761 ¹et
257 3691 408 3764 rationes
433 3690 671 3764 declarentur.
698 3689 798 3789 Opus
824 3704 947 3764 autem
967 3690 1017 3760 ita
1043 3687 1170 3760 descri-

99 3813 209 3908 ham,
239 3830 282 3890 ut
318 3833 354 3893 et
391 3819 522 3920 singuli
559 3834 718 3896 auctores
749 3819 896 3920 singulis
928 3815 1173 3895 voluminibus

99 3944 328 4024 absolvantur
358 3962 395 4024 et
426 3975 549 4026 omnes
577 3952 672 4025 inter
701 3977 739 4025 se
768 3949 891 4023 ordine
921 3945 1076 4044 quodam
1110 3971 1170 4036 eo-

98 4074 279 4152 haereant.
1149 4083 1154 4091 ’
