2842 4884
518 453 698 525 umorue.
1103 433 1150 500 79

66 625 100 698 p.
124 597 211 692 614.
239 599 405 694 Quorum
429 612 552 676 tamen
573 600 666 674 nihil
694 627 740 676 ex
768 601 824 675 his
858 601 1019 680 versibus
1055 601 1147 679 effici

67 732 189 805 posse,
216 733 291 781 non
314 733 406 808 opus
429 721 482 783 est
504 710 768 829 demonstrare..

556 912 658 980 XXV.

110 1081 318 1156 Aristoteles
329 1085 474 1157 lllietor.
492 1084 527 1177 I,
557 1082 612 1156 15.
629 1110 664 1183 p.
679 1084 764 1176 422,
779 1085 821 1156 E.
850 1085 927 1158 Cas.
944 1085 990 1160 de
1010 1087 1150 1182 jureju-

65 1190 172 1262 rando
190 1217 308 1290 agens,
325 1190 362 1264 Si
376 1193 469 1290 quis,
486 1190 617 1289 inquit,
631 1191 835 1290 postulante
847 1192 1062 1287 adversario,
1074 1197 1147 1288 jus·

64 1300 260 1392 jurandum
273 1301 312 1371 in
327 1300 462 1396 judicio
475 1301 589 1372 facere
604 1312 757 1392 recuset,
771 1303 805 1374 ei
821 1300 1017 1372 dicendum
1029 1302 1098 1374 erit
1110 1329 1149 1378 se

65 1403 253 1480 honestatis
264 1432 383 1481 caussa
396 1406 433 1479 id
444 1431 619 1482 recusare,
635 1433 709 1479 non
722 1406 873 1504 perjurii
885 1419 998 1496 metu,
1012 1419 1050 1479 et
1060 1408 1148 1483 huic

65 1515 276 1588 conveniens
302 1516 371 1590 erit
399 1514 627 1612 Xenophanis
654 1514 823 1605 dictum,
849 1518 882 1584 τὸ
906 1528 952 1585 τοῦ
977 1515 1145 1614 Ξενοοοσολς

65 1629 210 1715 appoto,
239 1624 284 1695 ὅτι
304 1628 353 1694 οὐκ
372 1630 419 1704 ἴση
440 1625 598 1720 πρόκλησις
621 1621 694 1702 αὕτη
720 1623 824 1708 ἀσεβεῖ
843 1626 911 1717 πρὸς
935 1624 1055 1710 εὐσεβῆ,
1080 1617 1150 1695 ἀλλ’

65 1733 138 1816 ὁμοία
160 1733 213 1797 καὶ
236 1737 261 1799 εἰ
288 1733 401 1826 ἰσχυρὸς
423 1735 536 1810 ἀσθενῆ
561 1731 693 1813 πατάξαι
718 1728 737 1812 ἢ
757 1731 902 1824 πληγῆναι
925 1734 1143 1825 προνσλέσαιτο.

66 1833 112 1906 tl.
139 1835 273 1910 Cousin
295 1835 322 1908 l.
345 1836 370 1908 l.
395 1863 431 1934 p.
451 1834 523 1938 57,
550 1836 639 1909 haec
653 1838 702 1909 ita
720 1837 1009 1934 interpretatur:
1034 1836 1144 1911 ((Χὲ-

66 1942 226 2039 nophane
254 1943 323 2016 alla
348 1945 467 2017 meme
491 1942 634 2041 jusqu’zl
658 1954 829 2042 attaquer
846 1941 882 2016 le
902 1955 1061 2016 serment
1077 1942 1144 2042 (l),

66 2071 131 2123 non
155 2078 219 2152 pas
244 2076 309 2149 par
334 2049 507 2148 impiete,
540 2051 628 2124 mais
655 2075 722 2148 par
747 2076 801 2123 un
825 2051 935 2122 motif
949 2048 1145 2149 ingenieux

67 2167 99 2225 et
124 2158 248 2233 morel.
279 2185 301 2229 ε(
316 2159 472 2256 Lorsqne
502 2155 672 2229 l'homme
696 2158 832 2254 impie,
862 2157 1035 2244 disait-il,
1060 2183 1143 2255 pro-

66 2283 84 2330 »
107 2289 226 2364 voque
242 2290 296 2337 un
319 2264 464 2350 homme
488 2265 600 2361 pieux
619 2266 640 2337 ὲ
659 2267 781 2363 preter
797 2275 973 2355 serment,
997 2261 1143 2338 l'affaire

66 2391 84 2438 t)
108 2373 197 2448 n’est
225 2398 287 2472 pas
312 2371 440 2472 sigale,
468 2399 531 2472 pas
559 2371 643 2470 plus
674 2396 749 2471 que
779 2371 969 2470 lorsqu'un
997 2371 1143 2458 homme

66 2501 84 2547 ν
108 2480 175 2554 fort
201 2506 386 2580 provoque
412 2506 461 2553 au
483 2481 626 2554 combat
650 2505 704 2554 un
725 2479 869 2552 homme
888 2477 1007 2551 faihle.
1022 2504 1043 2551 ν
1072 2479 1143 2554 Sed

67 2585 146 2658 mihi
171 2589 292 2686 priora
320 2599 463 2660 tantum
482 2588 591 2662 verba
607 2586 843 2684 Xenophanis
858 2611 932 2657 esse
949 2584 1140 2678 videntur,

66 2697 247 2785 posteriora
261 2719 345 2770 vero
356 2694 445 2767 haec
457 2749 468 2786 ,
481 2690 547 2764 ἀλλ’
564 2705 646 2788 ὁμοία
658 2698 724 2764 κτλ.
736 2692 782 2765 ab
797 2689 986 2763 Aristotele
1002 2689 1144 2780 additu

66 2801 152 2893 quod
178 2801 340 2875 indicant
374 2803 481 2876 etiam
510 2801 720 2900 sequentia,
747 2797 881 2898 quibus
907 2795 1144 2894 Xenophanis

65 2902 191 2982 dictum
221 2909 370 2984 invertit
401 2937 409 2980 :
439 2920 590 2995 contra,
615 2905 765 3005 inquit,
788 2904 816 2975 si
846 2903 996 3000 accipiat
1020 2905 1140 2997 Jusju-

65 3014 237 3110 randum,
264 3059 313 3073 ·-
335 3022 366 3087 τὸ
393 3030 437 3088 τοῦ
462 3017 631 3116 Ξενοφάνοος
654 3019 884 3110 μεταςρὰβαντα
912 3019 1011 3111 φατέον
1035 3013 1138 3091 siros·

66 3113 114 3190 ἶσον
136 3123 208 3198 εἶναι
234 3135 285 3200 ἐὰν
305 3129 359 3221 μὲν
384 3137 398 3197 ὁ
423 3128 532 3214 ἀσεβὴς
557 3123 629 3219 διδῷ
640 3177 650 3215 ,
678 3133 693 3193 ὁ
720 3125 841 3210 εὐσεβὴς
864 3115 893 3193 δ’
914 3126 1012 3215 ὀμνύῃ.
1038 3120 1140 3215 Quae

66 3228 163 3304 verbo
203 3234 314 3331 priori
355 3245 499 3306 tantum
540 3229 739 3306 sententiae
774 3230 868 3326 parti
908 3227 1137 3325 respondent.

67 3327 134 3408 Hoc
156 3354 280 3414 autem
308 3342 445 3415 dictum
475 3365 621 3418 versum
650 3338 732 3429 facit
758 3335 980 3410 trochaicum
1013 3361 1021 3406 :

153 3484 201 3550 οὐκ
224 3489 272 3563 ἴση
295 3485 453 3578 πρόκλησις
478 3479 573 3568 αὕτη,
601 3480 707 3565 ἀσεβεῖ
728 3482 797 3574 πρὸς
825 3477 943 3562 εὐσεβῆ.

67 3621 124 3700 Vel
150 3617 344 3708 iambiouin
368 3633 575 3723 senarium,
601 3631 720 3708 verbis
740 3630 789 3704 sic
811 3628 1015 3704 collocatis:

157 3815 617 3831 -----
669 3802 718 3844 ουκ
748 3781 796 3853 ἴση

158 3888 313 3980 πρόκλησις
338 3881 436 3974 αὕτη,
457 3882 564 3967 ἀσεβεῖ
584 3885 652 3980 πρὸς
681 3881 803 3968 εὐσεβῆ.

69 4088 155 4162 XXV.
175 4107 239 4168 Non
262 4127 347 4185 sequa
364 4104 433 4166 haec
447 4101 600 4190 postulatio
622 4112 682 4175 est,
707 4097 743 4158 sb
757 4096 845 4181 impio
869 4093 982 4156 homine
1004 4087 1135 4156 adversus

424 4209 431 4218 “
799 4185 942 4248 hominen
962 4182 1130 4263 religiosum.
