2842 4884
773 754 829 817 ΙΙΙ.

575 1006 625 1057 DE
649 1004 775 1058 mul
799 1004 1033 1057 memnone.

765 1275 842 1357 5¹-

315 1522 508 1621 Postquam
532 1519 760 1618 Xenopbanis
780 1520 827 1594 de
848 1520 958 1593 rebus
977 1520 1110 1593 divinis
1131 1532 1170 1594 et
1192 1532 1348 1595 natura-

268 1628 364 1704 libus
387 1628 601 1703 sententiam
628 1626 857 1725 exposuimus
866 1680 882 1713 ‚
912 1639 1021 1699 restat
1042 1642 1087 1701 ut
1110 1628 1157 1701 de
1179 1628 1347 1702 bumana

268 1748 399 1808 natura
422 1734 513 1833 quid
530 1734 678 1805 senserit
699 1733 893 1807 videamus
915 1735 1011 1807 Haec
1027 1736 1208 1833 quaestio,
1224 1748 1269 1807 nt
1285 1747 1347 1808 est

268 1844 384 1915 omnis
414 1840 657 1963 philosophiae
684 1842 860 1932 maxima,
891 1841 942 1911 ita
968 1865 1047 1913 sero
1068 1842 1220 1914 demum
1244 1854 1348 1914 trac-

270 1948 338 2019 tari
354 1949 498 2047 coepit:
514 1949 652 2021 etenim
672 1946 903 2041 jamdudum
919 1958 1057 2019 veteres
1078 1947 1125 2019 de
1138 1948 1216 2019 Deo
1230 1960 1270 2021 et
1287 1974 1348 2021 re-

267 2077 353 2125 rnm
377 2068 509 2127 natura
530 2053 646 2127 multa
669 2051 881 2126 mirabiliter
903 2066 1086 2125 semerant
1107 2053 1349 2150 etpraedioa-

271 2172 423 2250 verant,
446 2160 548 2257 prius
563 2184 674 2258 quam
698 2160 739 2229 in
758 2163 879 2256 ipsum
896 2159 1116 2231 hominem
1105 2161 1346 2257 mquirerent.

270 2265 421 2336 Socratis
458 2267 611 2363 ejusque
644 2266 768 2341 aetatis
808 2265 880 2337 fnit
906 2265 994 2339 baec
1020 2268 1205 2363 quaestio,
1228 2294 1348 2365 supe-

268 2370 406 2443 riorum
429 2393 515 2445 vero
540 2394 634 2466 quae
657 2370 830 2443 feruntur
861 2370 992 2469 placita
1021 2372 1209 2444 infantiam
1223 2373 1350 2470 philo-

272 2476 417 2573 sophiae
448 2476 636 2565 rcfernnt‚
664 2501 738 2575 qna
778 2476 891 2553 veluti
928 2481 1352 2578 primumdispicientes

271 2608 345 2655 non
380 2584 448 2655 nisi
481 2582 628 2656 confuse
658 2583 881 2682 obscureque
908 2598 1107 2659 cernerent.
1140 2586 1194 2658 De
1224 2588 1347 2658 Xeno-

266 2690 386 2789 phane
412 2716 457 2765 ex
479 2690 543 2778 iis,
569 2715 664 2788 quae
690 2693 853 2790 quamvis
876 2718 990 2789 panca
1014 2694 1060 2765 ad
1084 2705 1242 2765 nostram
1266 2720 1347 2766 me-

267 2798 417 2869 moriam
443 2810 711 2895 pervenerunt‚
735 2797 833 2869 idem
860 2797 1135 2869 existimandum
1162 2810 1226 2871 est.

316 2904 490 3001 Diogenes
512 2902 549 2973 L.
579 2903 653 2994 IX,
680 2926 748 2999 19,
776 2914 950 2973 memorat
971 2928 1059 2975 eum
1084 2905 1267 2994 statuisse,
1296 2904 1347 2975 ’ὅτι

269 3014 389 3101 amr,
416 3022 540 3101 πνεῦμα.
570 3007 826 3106 Antiquissima
855 3019 893 3080 er
918 3008 1127 3107 pervulgata
1158 3009 1229 3082 fuir
1252 3009 1346 3083 haec

269 3114 415 3213 opinio,
446 3140 557 3213 quam
575 3117 737 3189 homines
760 3118 835 3210 jam
860 3116 999 3213 pridem
1027 3118 1212 3190 communi
1234 3142 1346 3191 sensu

267 3233 527 3319 conceperant,
552 3234 595 3293 ut
618 3223 694 3319 ipsa
719 3221 888 3313 nomina,
916 3234 991 3293 tam
1009 3230 1128 3295 anima
1146 3235 1183 3294 et
1203 3231 1348 3296 enimus

267 3324 423 3414 Latinis,
452 3352 562 3425 quam
590 3332 668 3419 ψυχὴ
695 3325 862 3418 Graecis,
893 3329 1116 3401 ostendunt:
1145 3330 1346 3427 significant

268 3435 366 3508 enim
390 3435 587 3533 spiritum,
615 3458 726 3532 quem
750 3436 855 3534 prisci
878 3435 1045 3509 dicebant
1071 3435 1238 3511 universe
1268 3438 1347 3511 vim

268 3538 461 3637 illamqua
486 3540 662 3632 vivimus,
689 3543 889 3634 sentimus,
920 3543 1078 3641 agimus,
1106 3543 1301 3640 cogitamus
1322 3554 1346 3615 ¹.

268 3648 324 3721 Er
350 3649 533 3722 communi
560 3648 727 3743 opinione
750 3650 904 3722 effloruit
925 3650 1250 3749 antiquissimorum
1278 3676 1347 3726 va-

270 3766 351 3828 tum
367 3754 543 3827 sententia
562 3751 658 3827 idem
671 3755 913 3853 probantium.
929 3756 986 3828 Sic
1004 3757 1044 3827 in
1059 3755 1222 3852 Orphicis
1252 3757 1348 3831 fere-

273 3856 401 3949 batur,
442 3871 492 3945 τὴν
528 3865 621 3953 ψυχὴν
655 3868 688 3932 ἐκ
718 3874 763 3931 τώ
790 3861 854 3932 ito
879 3869 990 3940 εἷςιέναι
998 3917 1013 3954 ,
1054 3870 1245 3935 ἀναπνέοντων
1286 3893 1349 3959 φε-

308 4108 352 4191 (r)
373 4110 488 4189 Cicero,
510 4114 594 4175 Tusa.
610 4114 665 4187 Qu.
688 4114 712 4189 1,
727 4133 758 4194 9.
770 4112 926 4194 Lenncpius
945 4116 1012 4175 Lex.
1025 4114 1145 4196 Etymol.
1160 4117 1190 4174 in
1207 4137 1236 4179 v.
1247 4118 1347 4193 ψέχα.
