2842 4884
265 389 311 455 94
675 413 714 456 ns
735 414 925 460 monstras

266 564 296 634 si
319 563 559 636 existimemus
597 566 717 660 positas
744 567 818 659 jam
847 563 990 641 dudum
1021 565 1146 640 eadem
1174 566 1236 641 illa
1268 569 1343 642 ob·

264 695 368 744 scure
386 693 593 742 memorasse
617 681 654 741 et
675 670 893 743 carminibus
909 697 984 746 esse
1001 673 1221 764 vaticinatos,
1242 701 1344 774 quae

264 789 384 876 postea
412 773 667 874 aphilosophis
688 776 868 874 disputata
892 791 930 851 et
951 779 1146 852 rationibus
1169 781 1360 881 explicita

262 894 359 956 sunt.

311 990 399 1061 Nam
422 1013 594 1086 magnum
617 989 776 1085 profecto
791 1003 844 1063 est
864 989 1079 1078 discrimen,
1102 1004 1229 1064 utrum
1255 1018 1344 1066 sen-

262 1095 375 1168 tentia
402 1094 477 1191 ipsa
497 1094 627 1166 mentis
649 1094 685 1169 vi
715 1098 818 1192 quasi
836 1097 996 1169 numinis
1027 1097 1165 1186 afflatu,
1186 1123 1234 1169 an
1251 1123 1344 1174 vero

263 1202 398 1298 judicio
419 1212 457 1274 et
482 1201 619 1275 ratione
658 1201 816 1275 adhibita
846 1205 1084 1297 enuntietur3
1119 1202 1344 1303 plurimum-

178 1303 183 1314 ’
261 1334 334 1408 que
368 1309 539 1400 interest,
564 1334 636 1381 non
657 1310 765 1382 modo
784 1309 873 1409 quid
908 1309 1047 1382 dictum
1076 1311 1142 1401 sit,
1171 1312 1232 1384 sed
1261 1338 1343 1411 quo

259 1443 368 1492 sensu
383 1416 520 1489 dictum
541 1417 586 1488 sit
598 1472 609 1510 ,
621 1417 810 1517 indagare,
827 1442 943 1516 quum
958 1443 1062 1515 saepe
1076 1417 1207 1490 multos
1225 1420 1342 1494 etiam

259 1523 484 1624 philosophos
507 1524 711 1615 videamus,
736 1549 893 1621 quorum
918 1524 1045 1595 similia
1068 1525 1238 1597 feruntur
1253 1524 1342 1622 pla-

260 1633 358 1723 cita,
386 1655 508 1703 revera
543 1640 664 1702 tamen
693 1629 854 1703 multum
891 1631 987 1702 inter
1017 1655 1055 1702 se
1085 1630 1340 1727 discrepantes.

259 1738 364 1832 Quod
395 1737 585 1810 discrimen
617 1749 779 1830 veteres,
807 1740 873 1837 qui
897 1735 1083 1810 literarum
1113 1749 1149 1809 ct
1178 1737 1342 1834 philoso-

259 1845 365 1942 phiae
389 1842 570 1915 historiam
587 1843 751 1916 nondum
773 1856 1090 1942 pertractaverant,
1115 1869 1219 1940 saepe
1238 1845 1341 1917 fefel-

259 1953 328 2043 lit,
353 1950 452 2023 unde
483 1974 557 2021 non
580 1975 658 2023 raro
683 1950 946 2048 antiquioribus
969 1951 1216 2024 attribuerunt
1238 1953 1340 2045 ejus-

258 2058 356 2130 modi
403 2055 565 2153 placita,
602 2082 696 2155 quae
734 2057 780 2130 ab
817 2083 943 2131 corum
982 2068 1104 2130 mente
1144 2068 1182 2128 et
1214 2057 1342 2130 studio

258 2162 507 2240 abhorrebant.
808 2161 813 2169 '
1251 2223 1255 2229 .

306 2269 445 2342 Deinde
473 2266 584 2339 altera
612 2269 727 2338 oritur
753 2271 916 2365 quaestio
950 2269 996 2342 de
1030 2268 1160 2366 placito
1197 2266 1260 2339 illo
1294 2269 1340 2342 in

171 2409 178 2430 ›
257 2375 413 2448 Eleatica
432 2372 547 2445 schola
565 2387 770 2472 pervagato,
789 2382 827 2444 τὰ
849 2387 944 2446 πάντα
968 2378 997 2444 ἓν
1024 2373 1094 2445 εἶναι
1108 2429 1117 2464 ,
1133 2372 1230 2471 quod
1248 2374 1339 2448 inde

257 2510 277 2555 a
303 2480 523 2578 Xenophane
547 2479 700 2552 ductum
724 2505 798 2552 esse
829 2480 895 2551 hoc
926 2479 1001 2551 loco
1024 2479 1260 2576 praedicatur.
1290 2481 1339 2554 Id

211 2665 218 2678 ,
256 2597 378 2662 autem
402 2599 581 2687 quantum
608 2585 723 2660 valeat
752 2585 942 2685 diligenter
967 2584 1245 2658 examinandum
1264 2598 1338 2677 est,

256 2723 335 2787 ne,
369 2694 466 2794 quod
497 2693 605 2766 multi
631 2694 825 2785 fecerunt,
856 2692 1084 2790 Xenophanis
1118 2691 1339 2766 sententiam

253 2829 339 2876 cum
364 2801 516 2874 aliorum
540 2800 677 2899 placitis
706 2799 978 2872 confundamus.
1006 2800 1095 2870 Nam
1121 2823 1238 2896 quum
1267 2797 1337 2870 ali-

254 2911 351 3007 quod
372 2909 544 3006 placitum
562 2935 628 3007 per
647 2908 779 2980 multos
798 2909 961 3004 ejusdem
980 2905 1186 3003 disciplinae
1207 2929 1336 2979 aemu-

187 3079 190 3086 .
253 3015 306 3088 los
332 3017 550 3114 agitaretur,
577 3012 680 3085 facile
702 3012 938 3111 intelligitur,
955 3014 1051 3085 idem
1069 3012 1114 3084 ab
1132 3010 1209 3083 aliis
1228 3009 1337 3084 aliter

253 3119 479 3194 intellectum
492 3121 582 3193 etde
592 3146 635 3192 eo
646 3120 790 3194 diversis
801 3119 911 3191 modis
923 3117 1146 3214 disputatum
1158 3141 1232 3190 esse
1245 3143 1253 3186 :
1267 3115 1336 3187 fal-

253 3254 336 3300 sum
352 3226 441 3300 adeo
453 3228 558 3317 foret,
573 3252 667 3324 quae
679 3224 824 3324 singuli,
841 3238 885 3297 ut
897 3224 1137 3311 Parmenides,
1153 3221 1335 3314 Melissus,
1419 3312 1420 3317 ἵ

252 3335 350 3406 Zeno
377 3333 577 3424 sentirent,
605 3332 731 3406 eadem
756 3333 851 3403 inter
876 3357 999 3403 omnes
1020 3330 1192 3402 Eleaticos
1212 3329 1332 3401 facere

251 3442 479 3531 communia,
514 3453 578 3511 aut
602 3465 645 3511 ex
670 3439 825 3536 quadam
851 3440 995 3509 rationis
1013 3435 1194 3523 formula,
1220 3461 1336 3532 quam

251 3548 418 3647 plerique
437 3559 679 3645 usurparent,
699 3544 923 3644 singulorum
946 3547 1137 3617 sententias
1152 3545 1333 3638 judicare.
1420 3623 1421 3626 ,

250 3655 378 3754 Itaque
414 3653 506 3726 illud
532 3659 562 3723 ἓν
594 3649 665 3722 εἶναι
690 3663 786 3723 πάντα
813 3650 899 3724 licet
926 3655 1124 3748 generatim
1151 3653 1335 3747 pertineat

251 3762 296 3834 ad
323 3765 527 3838 universam
555 3759 795 3832 Eleaticorum
824 3757 1003 3851 scholam,
1030 3771 1065 3830 at
1092 3784 1201 3857 quam
1224 3758 1335 3830 variis

251 3870 364 3942 modis
387 3884 504 3970 potest
524 3866 704 3965 explicari.
730 3865 846 3961 Quale
863 3865 1078 3967 intelligitur
1103 3874 1135 3936 τὸ
1157 3864 1217 3937 ia?
1233 3867 1333 3937 Num

250 3975 326 4073 ipse
350 4004 416 4074 per
440 4002 477 4051 se
494 4001 677 4065 ,numerus
700 4001 766 4048 seu
791 4001 938 4066 monas,
968 3975 1134 4048 omnium
1161 3999 1333 4046 numero·

251 4106 336 4154 rum
377 4083 629 4183 principium?
660 4110 707 4155 an
739 4081 952 4180 intelligitur
980 4093 1111 4154 natura
1141 4079 1262 4178 aliqua
1295 4081 1332 4152 ei
