<?xml version="1.0" encoding="UTF-8"?>
<!DOCTYPE html PUBLIC "-//W3C//DTD XHTML 1.0 Transitional//EN"
    "http://www.w3.org/TR/xhtml1/DTD/xhtml1-transitional.dtd">
<html xmlns="http://www.w3.org/1999/xhtml" xml:lang="en" lang="en">
 <head>
  <title>
</title>
<meta http-equiv="Content-Type" content="text/html;charset=utf-8" />
  <meta name='ocr-system' content='tesseract 3.04.00' />
  <meta name='ocr-capabilities' content='ocr_page ocr_carea ocr_par ocr_line ocrx_word'/>
</head>
<body>
  <div class='ocr_page' id='page_1' title='image "./xenophaniscolop01karsgoog_0127.png"; bbox 0 0 2842 4884; ppageno 0'>
   <div class='ocr_carea' id='block_1_1' title="bbox 81 401 1155 432">
    <p class='ocr_par' dir='ltr' id='par_1_1' title="bbox 81 401 1155 432">
     <span class='ocr_line' id='line_1_1' title="bbox 81 401 1155 432; baseline -0.006 0"><span class='ocrx_word' id='word_1_1' title='bbox 81 401 1155 432; x_wconf 54' lang='lat' dir='ltr'><strong>WWMMWMWWMWW</strong></span> 
     </span>
    </p>
   </div>
   <div class='ocr_carea' id='block_1_2' title="bbox 149 687 1085 766">
    <p class='ocr_par' dir='ltr' id='par_1_2' title="bbox 149 687 1085 766">
     <span class='ocr_line' id='line_1_2' title="bbox 149 687 1085 766; baseline -0.007 0"><span class='ocrx_word' id='word_1_2' title='bbox 149 693 226 766; x_wconf 76' lang='lat' dir='ltr'><strong>DE</strong></span> <span class='ocrx_word' id='word_1_3' title='bbox 280 691 647 766; x_wconf 71' lang='lat' dir='ltr'><strong>mommo</strong></span> <span class='ocrx_word' id='word_1_4' title='bbox 698 687 1085 762; x_wconf 70' lang='lat' dir='ltr'><strong>mosoma.</strong></span> 
     </span>
    </p>
   </div>
   <div class='ocr_carea' id='block_1_3' title="bbox 517 929 712 960">
    <p class='ocr_par' dir='ltr' id='par_1_3' title="bbox 517 929 712 960">
     <span class='ocr_line' id='line_1_3' title="bbox 517 929 712 960; baseline -0.015 0"><span class='ocrx_word' id='word_1_5' title='bbox 517 929 712 960; x_wconf 50' lang='lat' dir='ltr'><em>m</em></span> 
     </span>
    </p>
   </div>
   <div class='ocr_carea' id='block_1_4' title="bbox 602 1141 628 1202">
    <p class='ocr_par' dir='ltr' id='par_1_4' title="bbox 602 1141 628 1202">
     <span class='ocr_line' id='line_1_4' title="bbox 602 1141 628 1202; baseline 0.038 -1"><span class='ocrx_word' id='word_1_6' title='bbox 602 1141 628 1202; x_wconf 93' lang='grc' dir='ltr'><strong>Ι.</strong></span> 
     </span>
    </p>
   </div>
   <div class='ocr_carea' id='block_1_5' title="bbox 422 1403 810 1455">
    <p class='ocr_par' dir='ltr' id='par_1_5' title="bbox 422 1403 810 1455">
     <span class='ocr_line' id='line_1_5' title="bbox 422 1403 810 1455; baseline -0.008 -1"><span class='ocrx_word' id='word_1_7' title='bbox 422 1403 470 1454; x_wconf 88' lang='lat' dir='ltr'><strong>DE</strong></span> <span class='ocrx_word' id='word_1_8' title='bbox 495 1403 646 1454; x_wconf 81' lang='lat' dir='ltr'><strong>&#39;NATURA</strong></span> <span class='ocrx_word' id='word_1_9' title='bbox 675 1403 810 1455; x_wconf 81' lang='lat' dir='ltr'>DIVINA.</span> 
     </span>
    </p>
   </div>
   <div class='ocr_carea' id='block_1_6' title="bbox 577 1697 655 1778">
    <p class='ocr_par' dir='ltr' id='par_1_6' title="bbox 577 1697 655 1778">
     <span class='ocr_line' id='line_1_6' title="bbox 577 1697 655 1778; baseline 0 -22"><span class='ocrx_word' id='word_1_10' title='bbox 577 1697 655 1778; x_wconf 67' lang='lat' dir='ltr'><strong>§a</strong></span> 
     </span>
    </p>
   </div>
   <div class='ocr_carea' id='block_1_7' title="bbox 84 1928 1191 3626">
    <p class='ocr_par' dir='ltr' id='par_1_7' title="bbox 84 1928 1191 3626">
     <span class='ocr_line' id='line_1_7' title="bbox 127 1928 1154 2028; baseline -0.004 -22"><span class='ocrx_word' id='word_1_11' title='bbox 127 1929 391 2028; x_wconf 77' lang='lat' dir='ltr'>Xenophanem</span> <span class='ocrx_word' id='word_1_12' title='bbox 406 1928 581 2004; x_wconf 88' lang='lat' dir='ltr'><strong>Eleaticae</strong></span> <span class='ocrx_word' id='word_1_13' title='bbox 596 1928 840 2028; x_wconf 84' lang='lat' dir='ltr'><strong>philosophiae</strong></span> <span class='ocrx_word' id='word_1_14' title='bbox 853 1942 1037 2006; x_wconf 75' lang='lat' dir='ltr'><strong>auctorem</strong></span> <span class='ocrx_word' id='word_1_15' title='bbox 1048 1933 1154 2006; x_wconf 84' lang='lat' dir='ltr'><strong>exsti-</strong></span> 
     </span>
     <span class='ocr_line' id='line_1_8' title="bbox 85 2035 1156 2137; baseline 0.007 -35"><span class='ocrx_word' id='word_1_16' title='bbox 85 2035 160 2108; x_wconf 87' lang='lat' dir='ltr'><strong>tisse</strong></span> <span class='ocrx_word' id='word_1_17' title='bbox 176 2039 319 2136; x_wconf 83' lang='lat' dir='ltr'><strong>antiqui</strong></span> <span class='ocrx_word' id='word_1_18' title='bbox 334 2050 441 2135; x_wconf 88' lang='lat' dir='ltr'><strong>atque</strong></span> <span class='ocrx_word' id='word_1_19' title='bbox 456 2037 522 2133; x_wconf 85' lang='lat' dir='ltr'><strong>ipsi</strong></span> <span class='ocrx_word' id='word_1_20' title='bbox 547 2037 658 2131; x_wconf 87' lang='lat' dir='ltr'><strong>hujus</strong></span> <span class='ocrx_word' id='word_1_21' title='bbox 669 2050 784 2110; x_wconf 90' lang='lat' dir='ltr'><strong>sectae</strong></span> <span class='ocrx_word' id='word_1_22' title='bbox 800 2037 935 2112; x_wconf 84' lang='lat' dir='ltr'><strong>aemuli</strong></span> <span class='ocrx_word' id='word_1_23' title='bbox 959 2038 1067 2137; x_wconf 86' lang='lat' dir='ltr'><strong>vulgo</strong></span> <span class='ocrx_word' id='word_1_24' title='bbox 1087 2053 1156 2112; x_wconf 91' lang='lat' dir='ltr'><strong>tra·</strong></span> 
     </span>
     <span class='ocr_line' id='line_1_9' title="bbox 85 2141 1157 2245; baseline 0.006 -31"><span class='ocrx_word' id='word_1_25' title='bbox 85 2141 173 2216; x_wconf 88' lang='lat' dir='ltr'><strong>dunt</strong></span> <span class='ocrx_word' id='word_1_26' title='bbox 187 2156 209 2217; x_wconf 87' lang='lat'><strong>¹.</strong></span> <span class='ocrx_word' id='word_1_27' title='bbox 225 2149 322 2219; x_wconf 85' lang='lat' dir='ltr'><strong>Haeo</strong></span> <span class='ocrx_word' id='word_1_28' title='bbox 334 2159 456 2222; x_wconf 87' lang='lat' dir='ltr'><strong>autem</strong></span> <span class='ocrx_word' id='word_1_29' title='bbox 467 2144 686 2243; x_wconf 81' lang='lat' dir='ltr'><strong>philosophia</strong></span> <span class='ocrx_word' id='word_1_30' title='bbox 698 2171 814 2244; x_wconf 93' lang='lat' dir='ltr'><strong>quum</strong></span> <span class='ocrx_word' id='word_1_31' title='bbox 829 2147 966 2245; x_wconf 88' lang='lat' dir='ltr'><strong>origine</strong></span> <span class='ocrx_word' id='word_1_32' title='bbox 978 2160 1016 2220; x_wconf 85' lang='lat' dir='ltr'><strong>et</strong></span> <span class='ocrx_word' id='word_1_33' title='bbox 1028 2161 1157 2222; x_wconf 91' lang='lat' dir='ltr'><strong>natura</strong></span> 
     </span>
     <span class='ocr_line' id='line_1_10' title="bbox 85 2247 1156 2350; baseline 0.006 -32"><span class='ocrx_word' id='word_1_34' title='bbox 85 2247 332 2350; x_wconf 79' lang='lat' dir='ltr'><strong>Pythagoricae</strong></span> <span class='ocrx_word' id='word_1_35' title='bbox 346 2264 437 2324; x_wconf 89' lang='lat' dir='ltr'><strong>esset</strong></span> <span class='ocrx_word' id='word_1_36' title='bbox 448 2264 591 2350; x_wconf 89' lang='lat' dir='ltr'><strong>cognata</strong></span> <span class='ocrx_word' id='word_1_37' title='bbox 610 2251 785 2348; x_wconf 89' lang='lat' dir='ltr'><strong>(utraque</strong></span> <span class='ocrx_word' id='word_1_38' title='bbox 801 2255 899 2324; x_wconf 90' lang='lat' dir='ltr'><strong>enim</strong></span> <span class='ocrx_word' id='word_1_39' title='bbox 911 2253 1034 2326; x_wconf 89' lang='lat' dir='ltr'><strong>Italica</strong></span> <span class='ocrx_word' id='word_1_40' title='bbox 1046 2254 1156 2350; x_wconf 83' lang='lat' dir='ltr'><strong>stirpe</strong></span> 
     </span>
     <span class='ocr_line' id='line_1_11' title="bbox 86 2355 1157 2455; baseline 0.012 -34"><span class='ocrx_word' id='word_1_41' title='bbox 86 2355 281 2454; x_wconf 88' lang='lat' dir='ltr'><strong>oriunda),</strong></span> <span class='ocrx_word' id='word_1_42' title='bbox 309 2371 390 2432; x_wconf 89' lang='lat' dir='ltr'><strong>tum</strong></span> <span class='ocrx_word' id='word_1_43' title='bbox 410 2357 606 2455; x_wconf 91' lang='lat' dir='ltr'><strong>quaerendi</strong></span> <span class='ocrx_word' id='word_1_44' title='bbox 623 2357 741 2429; x_wconf 91' lang='lat' dir='ltr'><strong>studio</strong></span> <span class='ocrx_word' id='word_1_45' title='bbox 759 2384 780 2429; x_wconf 91' lang='lat' dir='ltr'><strong>a</strong></span> <span class='ocrx_word' id='word_1_46' title='bbox 801 2359 1005 2432; x_wconf 88' lang='lat' dir='ltr'><strong>lonicorum</strong></span> <span class='ocrx_word' id='word_1_47' title='bbox 1020 2360 1157 2434; x_wconf 88' lang='lat' dir='ltr'><strong>ratione</strong></span> 
     </span>
     <span class='ocr_line' id='line_1_12' title="bbox 84 2458 1157 2561; baseline 0.008 -32"><span class='ocrx_word' id='word_1_48' title='bbox 84 2458 216 2536; x_wconf 87' lang='lat' dir='ltr'><strong>diversa</strong></span> <span class='ocrx_word' id='word_1_49' title='bbox 240 2466 310 2535; x_wconf 85' lang='lat' dir='ltr'><strong>fuit</strong></span> <span class='ocrx_word' id='word_1_50' title='bbox 335 2467 440 2560; x_wconf 88' lang='lat' dir='ltr'><strong>eique</strong></span> <span class='ocrx_word' id='word_1_51' title='bbox 453 2489 567 2561; x_wconf 88' lang='lat' dir='ltr'><strong>paene</strong></span> <span class='ocrx_word' id='word_1_52' title='bbox 581 2467 752 2561; x_wconf 84' lang='lat' dir='ltr'><strong>opposita.</strong></span> <span class='ocrx_word' id='word_1_53' title='bbox 777 2465 889 2537; x_wconf 91' lang='lat' dir='ltr'><strong>Ionici</strong></span> <span class='ocrx_word' id='word_1_54' title='bbox 911 2468 1009 2540; x_wconf 89' lang='lat' dir='ltr'><strong>enim</strong></span> <span class='ocrx_word' id='word_1_55' title='bbox 1032 2491 1157 2539; x_wconf 90' lang='lat' dir='ltr'><strong>rerum</strong></span> 
     </span>
     <span class='ocr_line' id='line_1_13' title="bbox 85 2569 1157 2668; baseline 0.007 -34"><span class='ocrx_word' id='word_1_56' title='bbox 85 2580 247 2642; x_wconf 88' lang='lat' dir='ltr'><strong>naturam</strong></span> <span class='ocrx_word' id='word_1_57' title='bbox 281 2570 399 2644; x_wconf 90' lang='lat' dir='ltr'><strong>animo</strong></span> <span class='ocrx_word' id='word_1_58' title='bbox 423 2569 703 2666; x_wconf 81' lang='lat' dir='ltr'><strong>contemplantes</strong></span> <span class='ocrx_word' id='word_1_59' title='bbox 732 2570 955 2643; x_wconf 88' lang='lat' dir='ltr'><strong>studuerunt</strong></span> <span class='ocrx_word' id='word_1_60' title='bbox 984 2572 1157 2668; x_wconf 86' lang='lat' dir='ltr'><strong>originem</strong></span> 
     </span>
     <span class='ocr_line' id='line_1_14' title="bbox 84 2671 1156 2775; baseline 0.004 -32"><span class='ocrx_word' id='word_1_61' title='bbox 84 2671 247 2774; x_wconf 90' lang='lat' dir='ltr'><strong>indagare</strong></span> <span class='ocrx_word' id='word_1_62' title='bbox 277 2691 385 2775; x_wconf 87' lang='lat' dir='ltr'><strong>atque</strong></span> <span class='ocrx_word' id='word_1_63' title='bbox 414 2679 575 2768; x_wconf 88' lang='lat' dir='ltr'><strong>semina,</strong></span> <span class='ocrx_word' id='word_1_64' title='bbox 605 2678 704 2749; x_wconf 90' lang='lat' dir='ltr'><strong>uode</strong></span> <span class='ocrx_word' id='word_1_65' title='bbox 727 2679 847 2748; x_wconf 87' lang='lat' dir='ltr'><strong>omnia</strong></span> <span class='ocrx_word' id='word_1_66' title='bbox 879 2690 1001 2750; x_wconf 82' lang='lat' dir='ltr'><strong>exorta</strong></span> <span class='ocrx_word' id='word_1_67' title='bbox 1032 2689 1069 2750; x_wconf 88' lang='lat' dir='ltr'><strong>et</strong></span> <span class='ocrx_word' id='word_1_68' title='bbox 1096 2702 1156 2751; x_wconf 90' lang='lat' dir='ltr'><strong>va-</strong></span> 
     </span>
     <span class='ocr_line' id='line_1_15' title="bbox 85 2779 1158 2881; baseline 0.006 -35"><span class='ocrx_word' id='word_1_69' title='bbox 85 2779 141 2850; x_wconf 91' lang='lat' dir='ltr'><strong>riis</strong></span> <span class='ocrx_word' id='word_1_70' title='bbox 166 2783 298 2858; x_wconf 88' lang='lat' dir='ltr'><strong>deinde</strong></span> <span class='ocrx_word' id='word_1_71' title='bbox 321 2785 441 2856; x_wconf 83' lang='lat' dir='ltr'><strong>formis</strong></span> <span class='ocrx_word' id='word_1_72' title='bbox 472 2783 665 2881; x_wconf 86' lang='lat' dir='ltr'><strong>figurisque</strong></span> <span class='ocrx_word' id='word_1_73' title='bbox 691 2794 806 2856; x_wconf 83' lang='lat' dir='ltr'><strong>essent</strong></span> <span class='ocrx_word' id='word_1_74' title='bbox 833 2780 985 2870; x_wconf 81' lang='lat' dir='ltr'><strong>ellecta;</strong></span> <span class='ocrx_word' id='word_1_75' title='bbox 1009 2780 1158 2867; x_wconf 81' lang='lat' dir='ltr'><strong>Eleatici</strong></span> 
     </span>
     <span class='ocr_line' id='line_1_16' title="bbox 86 2887 1191 2986; baseline 0 -29"><span class='ocrx_word' id='word_1_76' title='bbox 86 2899 202 2962; x_wconf 87' lang='lat' dir='ltr'><strong>autem</strong></span> <span class='ocrx_word' id='word_1_77' title='bbox 229 2891 416 2964; x_wconf 85' lang='lat' dir='ltr'><strong>mutabilia</strong></span> <span class='ocrx_word' id='word_1_78' title='bbox 432 2892 496 2962; x_wconf 87' lang='lat' dir='ltr'><strong>ista</strong></span> <span class='ocrx_word' id='word_1_79' title='bbox 522 2901 558 2964; x_wconf 90' lang='lat' dir='ltr'><strong>et</strong></span> <span class='ocrx_word' id='word_1_80' title='bbox 584 2888 681 2960; x_wconf 81' lang='lat' dir='ltr'><strong>fluxa</strong></span> <span class='ocrx_word' id='word_1_81' title='bbox 702 2888 934 2986; x_wconf 86' lang='lat' dir='ltr'><strong>despicientes</strong></span> <span class='ocrx_word' id='word_1_82' title='bbox 953 2887 1156 2986; x_wconf 86' lang='lat' dir='ltr'><strong>anquisive·</strong></span> <span class='ocrx_word' id='word_1_83' title='bbox 1187 2901 1191 2909; x_wconf 90' lang='lat'>&#39;</span> 
     </span>
     <span class='ocr_line' id='line_1_17' title="bbox 85 2987 1156 3094; baseline 0.006 -36"><span class='ocrx_word' id='word_1_84' title='bbox 85 3007 167 3064; x_wconf 88' lang='lat' dir='ltr'><strong>runt</strong></span> <span class='ocrx_word' id='word_1_85' title='bbox 191 2995 302 3087; x_wconf 92' lang='lat' dir='ltr'><strong>illud,</strong></span> <span class='ocrx_word' id='word_1_86' title='bbox 326 2997 423 3094; x_wconf 91' lang='lat' dir='ltr'><strong>quod</strong></span> <span class='ocrx_word' id='word_1_87' title='bbox 453 2987 549 3067; x_wconf 88' lang='lat' dir='ltr'><strong>nulli</strong></span> <span class='ocrx_word' id='word_1_88' title='bbox 575 2995 767 3066; x_wconf 91' lang='lat' dir='ltr'><strong>mutationi</strong></span> <span class='ocrx_word' id='word_1_89' title='bbox 805 2993 1001 3066; x_wconf 87' lang='lat' dir='ltr'><strong>obnoxium</strong></span> <span class='ocrx_word' id='word_1_90' title='bbox 1037 3017 1156 3066; x_wconf 93' lang='lat' dir='ltr'><strong>unum</strong></span> 
     </span>
     <span class='ocr_line' id='line_1_18' title="bbox 85 3104 1157 3200; baseline -0.003 -24"><span class='ocrx_word' id='word_1_91' title='bbox 85 3109 188 3196; x_wconf 71' lang='lat' dir='ltr'><strong>atque</strong></span> <span class='ocrx_word' id='word_1_92' title='bbox 213 3104 311 3176; x_wconf 89' lang='lat' dir='ltr'><strong>idem</strong></span> <span class='ocrx_word' id='word_1_93' title='bbox 337 3115 425 3176; x_wconf 85' lang='lat' dir='ltr'><strong>esset</strong></span> <span class='ocrx_word' id='word_1_94' title='bbox 448 3127 615 3200; x_wconf 88' lang='lat' dir='ltr'><strong>semper,</strong></span> <span class='ocrx_word' id='word_1_95' title='bbox 645 3127 797 3200; x_wconf 89' lang='lat' dir='ltr'><strong>eamque</strong></span> <span class='ocrx_word' id='word_1_96' title='bbox 826 3114 993 3174; x_wconf 86' lang='lat' dir='ltr'><strong>naturam</strong></span> <span class='ocrx_word' id='word_1_97' title='bbox 1024 3113 1157 3174; x_wconf 86' lang='lat' dir='ltr'><strong>statue·</strong></span> 
     </span>
     <span class='ocr_line' id='line_1_19' title="bbox 85 3198 1157 3307; baseline 0.006 -35"><span class='ocrx_word' id='word_1_98' title='bbox 85 3198 167 3278; x_wconf 88' lang='lat' dir='ltr'><strong>hant</strong></span> <span class='ocrx_word' id='word_1_99' title='bbox 210 3210 323 3307; x_wconf 90' lang='lat' dir='ltr'><strong>ipsam</strong></span> <span class='ocrx_word' id='word_1_100' title='bbox 372 3234 496 3282; x_wconf 91' lang='lat' dir='ltr'><strong>rerum</strong></span> <span class='ocrx_word' id='word_1_101' title='bbox 537 3217 717 3280; x_wconf 75' lang='lat' dir='ltr'><strong>essentiam</strong></span> <span class='ocrx_word' id='word_1_102' title='bbox 756 3217 767 3241; x_wconf 85' lang='lat'>²</span> <span class='ocrx_word' id='word_1_103' title='bbox 803 3219 985 3280; x_wconf 87' lang='lat' dir='ltr'><strong>aeternam</strong></span> <span class='ocrx_word' id='word_1_104' title='bbox 1026 3207 1157 3303; x_wconf 88' lang='lat' dir='ltr'><strong>suique</strong></span> 
     </span>
     <span class='ocr_line' id='line_1_20' title="bbox 85 3311 1156 3413; baseline -0.001 -31"><span class='ocrx_word' id='word_1_105' title='bbox 85 3333 220 3411; x_wconf 85' lang='lat' dir='ltr'><strong>semper</strong></span> <span class='ocrx_word' id='word_1_106' title='bbox 235 3314 411 3408; x_wconf 89' lang='lat' dir='ltr'><strong>similem,</strong></span> <span class='ocrx_word' id='word_1_107' title='bbox 432 3340 540 3413; x_wconf 90' lang='lat' dir='ltr'><strong>quam</strong></span> <span class='ocrx_word' id='word_1_108' title='bbox 557 3339 631 3386; x_wconf 91' lang='lat' dir='ltr'><strong>non</strong></span> <span class='ocrx_word' id='word_1_109' title='bbox 642 3311 809 3385; x_wconf 87' lang='lat' dir='ltr'><strong>manibus</strong></span> <span class='ocrx_word' id='word_1_110' title='bbox 821 3324 1062 3403; x_wconf 89' lang='lat' dir='ltr'><strong>contrectare,</strong></span> <span class='ocrx_word' id='word_1_111' title='bbox 1083 3336 1156 3382; x_wconf 92' lang='lat' dir='ltr'><strong>non</strong></span> 
     </span>
     <span class='ocr_line' id='line_1_21' title="bbox 87 3417 1151 3516; baseline 0.001 -31"><span class='ocrx_word' id='word_1_112' title='bbox 87 3417 197 3504; x_wconf 86' lang='lat' dir='ltr'><strong>oculis¹</strong></span> <span class='ocrx_word' id='word_1_113' title='bbox 222 3447 392 3513; x_wconf 85' lang='lat' dir='ltr'><strong>cernere,</strong></span> <span class='ocrx_word' id='word_1_114' title='bbox 419 3421 480 3494; x_wconf 89' lang='lat' dir='ltr'><strong>sed</strong></span> <span class='ocrx_word' id='word_1_115' title='bbox 500 3425 624 3492; x_wconf 83' lang='lat' dir='ltr'><strong>mente</strong></span> <span class='ocrx_word' id='word_1_116' title='bbox 649 3431 793 3491; x_wconf 84' lang='lat' dir='ltr'><strong>tantum</strong></span> <span class='ocrx_word' id='word_1_117' title='bbox 814 3443 1021 3516; x_wconf 88' lang='lat' dir='ltr'><strong>cognoscere</strong></span> <span class='ocrx_word' id='word_1_118' title='bbox 1045 3417 1151 3512; x_wconf 88' lang='lat' dir='ltr'><strong>possi-</strong></span> 
     </span>
     <span class='ocr_line' id='line_1_22' title="bbox 86 3523 1157 3626; baseline -0.005 -30"><span class='ocrx_word' id='word_1_119' title='bbox 86 3542 172 3597; x_wconf 87' lang='lat' dir='ltr'><strong>mus.</strong></span> <span class='ocrx_word' id='word_1_120' title='bbox 199 3529 274 3602; x_wconf 86' lang='lat' dir='ltr'><strong>Hoc</strong></span> <span class='ocrx_word' id='word_1_121' title='bbox 300 3553 418 3602; x_wconf 90' lang='lat' dir='ltr'><strong>unum</strong></span> <span class='ocrx_word' id='word_1_122' title='bbox 443 3526 655 3626; x_wconf 85' lang='lat' dir='ltr'><strong>cogitatione</strong></span> <span class='ocrx_word' id='word_1_123' title='bbox 684 3523 841 3623; x_wconf 79' lang='lat' dir='ltr'><strong>amplexi</strong></span> <span class='ocrx_word' id='word_1_124' title='bbox 868 3549 991 3598; x_wconf 88' lang='lat' dir='ltr'><strong>revera</strong></span> <span class='ocrx_word' id='word_1_125' title='bbox 1014 3545 1087 3594; x_wconf 90' lang='lat' dir='ltr'><strong>esse</strong></span> <span class='ocrx_word' id='word_1_126' title='bbox 1120 3531 1157 3594; x_wconf 92' lang='lat' dir='ltr'><strong>et</strong></span> 
     </span>
    </p>
   </div>
   <div class='ocr_carea' id='block_1_8' title="bbox 88 3749 1156 4194">
    <p class='ocr_par' dir='ltr' id='par_1_8' title="bbox 88 3749 1156 3921">
     <span class='ocr_line' id='line_1_23' title="bbox 123 3749 1156 3835; baseline -0.01 -17"><span class='ocrx_word' id='word_1_127' title='bbox 123 3752 165 3830; x_wconf 88' lang='lat'><strong>(1)</strong></span> <span class='ocrx_word' id='word_1_128' title='bbox 186 3753 252 3817; x_wconf 84' lang='lat' dir='ltr'><strong>vid.</strong></span> <span class='ocrx_word' id='word_1_129' title='bbox 272 3755 350 3816; x_wconf 86' lang='lat' dir='ltr'><strong>Plato</strong></span> <span class='ocrx_word' id='word_1_130' title='bbox 368 3755 398 3813; x_wconf 92' lang='lat' dir='ltr'><strong>io</strong></span> <span class='ocrx_word' id='word_1_131' title='bbox 417 3753 562 3835; x_wconf 76' lang='lat' dir='ltr'><strong>Sophiste,</strong></span> <span class='ocrx_word' id='word_1_132' title='bbox 583 3753 696 3814; x_wconf 80' lang='lat' dir='ltr'><strong>Aristot.</strong></span> <span class='ocrx_word' id='word_1_133' title='bbox 717 3751 844 3834; x_wconf 88' lang='lat' dir='ltr'><strong>Mataph.</strong></span> <span class='ocrx_word' id='word_1_134' title='bbox 860 3753 889 3826; x_wconf 90' lang='lat' dir='ltr'><strong>I,</strong></span> <span class='ocrx_word' id='word_1_135' title='bbox 910 3768 978 3828; x_wconf 90' lang='lat' dir='ltr'><strong>quos</strong></span> <span class='ocrx_word' id='word_1_136' title='bbox 995 3749 1090 3808; x_wconf 85' lang='lat' dir='ltr'><strong>statim</strong></span> <span class='ocrx_word' id='word_1_137' title='bbox 1107 3769 1156 3810; x_wconf 89' lang='lat' dir='ltr'><strong>ex-</strong></span> 
     </span>
     <span class='ocr_line' id='line_1_24' title="bbox 88 3833 627 3921; baseline 0.009 -27"><span class='ocrx_word' id='word_1_138' title='bbox 88 3833 269 3919; x_wconf 84' lang='lat' dir='ltr'><strong>plicabimus,</strong></span> <span class='ocrx_word' id='word_1_139' title='bbox 290 3847 428 3921; x_wconf 88' lang='lat' dir='ltr'><strong>ceterique</strong></span> <span class='ocrx_word' id='word_1_140' title='bbox 445 3843 504 3902; x_wconf 86' lang='lat' dir='ltr'><strong>fero</strong></span> <span class='ocrx_word' id='word_1_141' title='bbox 523 3863 627 3902; x_wconf 88' lang='lat' dir='ltr'><strong>omnes.</strong></span> 
     </span>
    </p>

    <p class='ocr_par' dir='ltr' id='par_1_9' title="bbox 90 3927 1155 4194">
     <span class='ocr_line' id='line_1_25' title="bbox 126 3927 1153 4016; baseline -0.005 -23"><span class='ocrx_word' id='word_1_142' title='bbox 126 3929 167 4010; x_wconf 83' lang='lat'><strong>(2)</strong></span> <span class='ocrx_word' id='word_1_143' title='bbox 189 3933 279 4016; x_wconf 88' lang='lat' dir='ltr'><strong>Hujus</strong></span> <span class='ocrx_word' id='word_1_144' title='bbox 300 3934 378 3995; x_wconf 82' lang='lat' dir='ltr'><strong>verbi</strong></span> <span class='ocrx_word' id='word_1_145' title='bbox 400 3946 539 3994; x_wconf 86' lang='lat' dir='ltr'><strong>auctorem</strong></span> <span class='ocrx_word' id='word_1_146' title='bbox 557 3935 717 3993; x_wconf 86' lang='lat' dir='ltr'><strong>Ciceronem</strong></span> <span class='ocrx_word' id='word_1_147' title='bbox 734 3930 849 3991; x_wconf 84' lang='lat' dir='ltr'><strong>laudant</strong></span> <span class='ocrx_word' id='word_1_148' title='bbox 868 3930 972 3990; x_wconf 85' lang='lat' dir='ltr'><strong>Seneca</strong></span> <span class='ocrx_word' id='word_1_149' title='bbox 993 3927 1082 4011; x_wconf 87' lang='lat' dir='ltr'><strong>Epist.</strong></span> <span class='ocrx_word' id='word_1_150' title='bbox 1104 3927 1153 3990; x_wconf 85' lang='lat'><strong>58.</strong></span> 
     </span>
     <span class='ocr_line' id='line_1_26' title="bbox 91 4011 1155 4105; baseline 0.006 -34"><span class='ocrx_word' id='word_1_151' title='bbox 91 4011 214 4082; x_wconf 84' lang='lat' dir='ltr'><strong>Sidonius</strong></span> <span class='ocrx_word' id='word_1_152' title='bbox 233 4025 286 4105; x_wconf 88' lang='lat' dir='ltr'><strong>Ep.</strong></span> <span class='ocrx_word' id='word_1_153' title='bbox 312 4037 340 4084; x_wconf 88' lang='lat' dir='ltr'><strong>at</strong></span> <span class='ocrx_word' id='word_1_154' title='bbox 355 4023 478 4085; x_wconf 88' lang='lat' dir='ltr'><strong>Chaloid.</strong></span> <span class='ocrx_word' id='word_1_155' title='bbox 493 4025 523 4083; x_wconf 92' lang='lat' dir='ltr'><strong>in</strong></span> <span class='ocrx_word' id='word_1_156' title='bbox 546 4025 689 4083; x_wconf 88' lang='lat' dir='ltr'><strong>Timaeum</strong></span> <span class='ocrx_word' id='word_1_157' title='bbox 710 4043 739 4104; x_wconf 84' lang='lat' dir='ltr'><strong>p.</strong></span> <span class='ocrx_word' id='word_1_158' title='bbox 763 4021 828 4082; x_wconf 78' lang='lat'>186.</span> <span class='ocrx_word' id='word_1_159' title='bbox 845 4019 899 4100; x_wconf 85' lang='lat' dir='ltr'><strong>(ad</strong></span> <span class='ocrx_word' id='word_1_160' title='bbox 913 4018 1015 4079; x_wconf 86' lang='lat' dir='ltr'><strong>calcem</strong></span> <span class='ocrx_word' id='word_1_161' title='bbox 1039 4039 1103 4101; x_wconf 90' lang='lat' dir='ltr'><strong>opp.</strong></span> <span class='ocrx_word' id='word_1_162' title='bbox 1125 4019 1155 4079; x_wconf 81' lang='lat' dir='ltr'><strong>S.</strong></span> 
     </span>
     <span class='ocr_line' id='line_1_27' title="bbox 90 4101 575 4194; baseline 0.004 -24"><span class='ocrx_word' id='word_1_163' title='bbox 90 4101 250 4194; x_wconf 81' lang='lat' dir='ltr'><strong>Hippolyti)</strong></span> <span class='ocrx_word' id='word_1_164' title='bbox 269 4114 305 4175; x_wconf 89' lang='lat' dir='ltr'><strong>ad</strong></span> <span class='ocrx_word' id='word_1_165' title='bbox 324 4135 352 4194; x_wconf 87' lang='lat' dir='ltr'><strong>q.</strong></span> <span class='ocrx_word' id='word_1_166' title='bbox 371 4115 391 4175; x_wconf 91' lang='lat' dir='ltr'><strong>l.</strong></span> <span class='ocrx_word' id='word_1_167' title='bbox 411 4115 447 4175; x_wconf 88' lang='lat' dir='ltr'><strong>ol.</strong></span> <span class='ocrx_word' id='word_1_168' title='bbox 466 4114 575 4174; x_wconf 89' lang='lat' dir='ltr'><strong>Fahrio.</strong></span> 
     </span>
    </p>
   </div>
   <div class='ocr_carea' id='block_1_9' title="bbox 0 0 1427 4884">
    <p class='ocr_par' dir='ltr' id='par_1_10' title="bbox 0 0 1427 4884">
     <span class='ocr_line' id='line_1_28' title="bbox 0 0 1427 4884; baseline 0 0"><span class='ocrx_word' id='word_1_169' title='bbox 0 0 1427 4884; x_wconf 95' lang='lat' dir='ltr'><strong> </strong></span> 
     </span>
    </p>
   </div>
  </div>
 </body>
</html>
