2842 4884
526 445 708 500 nmrouisr.
1115 421 1164 490 67

129 623 176 672 vs.
205 597 239 669 5.
266 603 422 692 αὐχαλέοι,
441 623 574 672 nomen
588 609 781 696 cognatum
803 608 876 670 tam
896 597 1032 696 origine
1051 623 1165 696 quam

82 704 333 802 significatione
361 729 446 776 cum
473 703 593 778 verbis
615 710 739 798 αὐχέω,
766 714 958 798 καυχάσμαι,
982 711 1136 799 gloriari
1145 759 1162 794 ,

83 810 199 908 itaque
214 809 411 911 Hesychius
429 811 519 909 intp.
545 820 651 905 σεμναί.
679 811 748 882 Ριο
765 834 808 882 eo
826 813 987 902 αύχμαλέα
1017 809 1165 884 dederat

84 914 327 1007 casaubonus,
353 919 458 1012 cujus
476 918 668 988 auctoritas
688 915 767 988 aliis
784 917 956 1014 imposuit
971 942 980 988 ε
995 914 1068 988 vid.
1086 916 1163 990 An-

83 1035 150 1095 not.
182 1025 229 1098 ad
256 1023 407 1123 Hesych.
437 1023 474 1096 h.
506 1051 540 1099 v.
576 1023 781 1124 Utrumque
808 1023 949 1122 horum*
971 1025 1165 1099 nominum

82 1129 187 1203 semel
210 1143 356 1204 tantum
381 1132 561 1204 occurrit:
587 1131 745 1205 alterum
766 1130 982 1230 Xenophaui
1011 1158 1033 1205 e
1062 1130 1194 1206 codd·

83 1239 234 1312 restituit
248 1239 602 1338 Schweightiuserus3
619 1238 776 1315 alterum
793 1237 958 1312 Choerilo
972 1239 1165 1327 vindicavit

81 1343 309 1418 Naeclriusad
328 1345 634 1448 Choerili'fragru.
660 1372 697 1445 p.
728 1343 808 1438 144.

127 1510 216 1584 Ibid.
242 1511 433 1607 ἀγαλλόμενοι
463 1517 676 1610 εὐπρεπέεσσιν.
705 1468 953 1603 casaubonus,
981 1522 1025 1581 ut
1048 1523 1165 1585 metro

85 1617 296 1712 consuleret,
315 1621 452 1717 scripsit
464 1614 661 1713 ἄγαλλόμιν,
681 1643 793 1716 quem
812 1617 923 1690 ceteri
935 1616 1087 1691 editores
1111 1643 1164 1690 se·

86 1724 155 1794 cuti
163 1737 260 1817 suut3
273 1725 348 1798 cod.
363 1724 435 1798 Pal.
448 1728 612 1820 ἀγαλλομεν
624 1726 700 1797 sine
709 1724 931 1824 apostropho.
939 1723 1166 1796 Haectameu

86 1827 177 1904 elisio
189 1857 308 1930 quum
321 1835 380 1906 vix
392 1831 538 1904 ferenda
551 1832 733 1925 videatur,
751 1831 1054 1930 schweighauser.
1069 1831 1163 1925 conj.
1268 1890 1272 1900 .

87 1943 243 2033 ιἀγάλλεμεν
267 1966 332 2038 pro
356 1942 521 2036 ἀγάλλιιν,
546 1965 658 2039 quem
682 1940 910 2012 infinitivum
931 1941 1055 2036 jungit
1077 1964 1165 2012 cum

87 2049 309 2142 praecedenti
332 2054 472 2143 αὐχαλέοι
490 2077 500 2144 ;
516 2050 584 2124 hoc
600 2063 724 2125 autem
743 2075 850 2124 sensu
869 2050 1043 2149 scriptum
1066 2061 1164 2122 certe

88 2171 287 2254 oportuerat
313 2163 530 2256 ἀγάλλεσθαι,
559 2171 602 2234 ut
631 2146 785 2234 sachius*
812 2157 837 2228 l.
862 2155 887 2228 l.
915 2169 1049 2230 monet.
1076 2157 1164 2230 llihi

89 2277 202 2338 autem
233 2264 336 2339 nulla
373 2266 432 2339 hic
476 2266 576 2340 elisio
612 2268 750 2368 requiri
777 2265 922 2342 videtur
931 2317 946 2353 ,
982 2263 1088 2336 modo
1110 2263 1163 2336 di—

88 2368 284 2473 phthongus
304 2403 327 2444 ιι
347 2399 432 2446 cum
447 2375 613 2473 sequenti
632 2405 662 2446 ευ
686 2370 931 2448 confundatur
954 2381 991 2444 et
1016 2371 1055 2442 in
1078 2394 1165 2467 pro-

89 2496 282 2569 nuntiando
299 2494 511 2571 obscuretur
528 2497 576 2568 ita
595 2521 604 2567 ε
626 2501 815 2592 ἀγαλλόμενα
833 2497 1048 2594 suspendium.
1069 2500 1163 2568 Haec

89 2599 216 2698 figura,
241 2602 406 2702 synizesis
426 2615 572 2696 vocata,
596 2605 738 2702 saepius
764 2607 920 2677 occurrit
942 2605 982 2673 in
1006 2599 1163 2674 Homero

89 2703 126 2776 ll.
147 2737 172 2779 ν.
189 2735 261 2810 777
282 2735 290 2779 :

154 2887 267 2975 μιλλω,
287 2863 425 2956 sesso-td
455 2887 503 2974 ἐμὲ
526 2892 648 2976 πάμπαν
671 2883 815 2970 ἀνάλκιδα
839 2887 953 2974 γείνατο
972 2889 1078 2975 μήτηρ.

90 3083 128 3159 ll·
150 3124 178 3190 ρ.
202 3099 276 3197 89:

155 3268 373 3384 osefis·
397 3264 453 3360 ’νιν
478 3293 574 3363 isses
595 3283 710 3383 Ἀτρέα
734 3291 782 3372 εει
805 3289 926 3375 βασις.
1064 3330 1066 3338 ,
1124 3285 1129 3292 ·

134 3480 180 3530 vs.
195 3459 230 3538 6.
247 3473 379 3544 ἀσκητοῖς
395 3463 482 3554 ὀδμὴν
496 3459 788 3560 Schweighduser
801 3473 839 3537 et
849 3459 1011 3556 Dindorf.
1025 3455 1158 3532 eeodd.

92 3583 150 3654 Pto
176 3571 275 3666 ὀδμῆς
304 3568 414 3644 iidem
429 3570 510 3668 'pro
545 3580 688 3665 χρισμασι
719 3579 937 3666 receperunt
961 3563 1160 3641 molliorem

93 3663 231 3747 sormam
244 3685 378 3773 χριῑαααι.
393 3676 540 3774 Proprie
557 3674 775 3750 vertendum
796 3681 1002 3770 :unquentis
1013 3672 1162 3743 dotttou·

93 3803 243 3863 accurate
266 3793 315 3862 ad
336 3793 471 3865 odorem
492 3797 642 3886 paratis.
