2842 4884
520 422 701 476 RELIQUIAE.
1105 403 1151 470 59

76 599 130 648 sus
144 573 260 647 aliena
283 572 437 649 videtur.
462 571 610 672 Duplex
636 583 761 645 autem
777 597 814 646 se
833 571 1004 646 offerebat
1025 597 1149 648 emen-

76 684 193 770 datio,
237 679 348 754 altera
384 691 435 765 τὴν
470 680 562 775 ἔγνων
590 683 815 779 φθεγξαμένην,
843 679 954 753 altere
979 700 1029 764 τῆς
1057 682 1150 778 ἔγνων

75 795 296 891 φθεγξαμένης,
324 813 480 887 quarum
504 789 734 886 posteriorem
759 788 918 886 recipere
942 814 1017 862 non
1040 789 1151 863 dubi-

75 903 164 988 tavi,
189 897 289 997 quod
315 923 388 968 non
416 895 533 968 solum
561 895 668 972 verba
697 897 900 983 audiendi,
928 897 1031 992 velut
1057 906 1151 991 οὶΐειν,

76 1012 175 1076 ἀκούειν
192 1029 212 1094 ,Ν
228 1003 291 1078 sed
314 1005 421 1076 etiam
447 1004 688 1098 cognoscendi,
714 1013 907 1099 γιγνώσκειν,
936 1014 1084 1093 σννίενοιι,
1109 1013 1153 1075 ἐν·

76 1134 162 1204 νοεῖν,
189 1109 235 1182 al.
264 1136 368 1207 saepe
385 1112 544 1209 genitivo
559 1114 785 1208 junguntur,
803 1115 1013 1206 praesertim
1029 1109 1058 1182 si
1075 1135 1153 1207 par-

76 1219 233 1316 ticipium
254 1217 410 1290 additur.
430 1215 630 1289 Oraculum
648 1216 747 1313 apud
759 1216 927 1288 Herodot.
945 1215 985 1305 Ι,
1012 1215 1058 1313 47
1076 1243 1084 1287 :
1103 1223 1154 1286 sat

76 1335 157 1423 νώφν
186 1337 299 1419 συνίημι
333 1333 384 1394 καὶ
414 1329 443 1396 σύ
472 1338 623 1424 φωνεῦντος
653 1329 756 1394 ἀκούω.
793 1320 893 1393 Plato
926 1322 966 1392 in
1000 1321 1150 1421 Apolog.

78 1432 163 1503 socr,
191 1459 227 1530 p,
257 1459 330 1529 αφ,
356 1432 496 1528 Αςαρα
524 1441 666 1526 γνώσεται
695 1437 851 1526 Σωκράτης
877 1438 893 1496 ὃ
919 1437 999 1525 σόφθς
1029 1431 1154 1520 &sepse
1206 1473 1213 1486 ·
1241 1526 1245 1537 Ι
1297 1415 1302 1422 ¹

77 1549 322 1636 χαμεεντιζσμένσω.
352 1531 536 1612 Id.'Alcib.
562 1540 606 1626 Ι,
634 1563 669 1634 p.
702 1561 792 1636 129,
817 1537 978 1606 Bzaat'ror
1000 1543 1082 1606 ἐννοῶ
1106 1548 1154 1606 ecl

78 1645 198 1727 εἰπόνεος.
227 1648 357 1744 Itaque
380 1646 477 1718 idem
501 1671 601 1720 casus
627 1657 665 1718 et
689 1644 733 1716 ad
758 1642 911 1719 verbum
934 1642 1028 1738 ἔγνων
1050 1653 1087 1714 et
1109 1641 1154 1716 ad

79 1756 302 1854 participium
326 1761 394 1825 ἀΐων
418 1765 532 1853 potest
557 1752 706 1840 referri,
729 1751 828 1850 quod
853 1775 963 1849 quam
986 1749 1155 1847 frequens

79 1861 116 1930 sit
132 1863 228 1960 apud
248 1859 418 1953 Graecos,
435 1885 625 1957 nonopus
643 1871 696 1932 est
718 1858 843 1932 multis
858 1855 1049 1935 declarare.
1067 1855 1148 1928 Vid.

80 1991 105 2036 e.
128 1993 158 2064 g.
183 1970 328 2042 Homer.
349 1969 416 2040 Od.
443 2000 474 2039 α.
506 1965 565 2039 26.
590 1963 790 2063 Aeschylus
817 1965 914 2062 Sept.
941 1961 1020 2039 adv.
1041 1961 1151 2037 Theb.

80 2071 154 2169 926.
177 2075 321 2150 Pindar.
347 2075 404 2148 Ol.
431 2075 546 2169 VIII,
574 2098 631 2146 20.
1277 2099 1283 2110 ·

557 2371 645 2440 XIX.

120 2585 326 2662 Athenaeus
338 2590 386 2678 X,
404 2614 439 2685 p.
455 2587 538 2680 413.
559 2614 610 2688 sq.
638 2589 810 2690 elegiacos
826 2583 1054 2690 Xendphanis
1065 2616 1150 2665 rer-

78 2715 130 2765 sus
148 2695 294 2786 laudat,
321 2696 454 2795 quibus
479 2694 625 2794 publica
642 2697 1040 2792 ludorum'certamina,
1059 2726 1154 2799 quae

78 2803 205 2902 ingenti
241 2804 359 2876 studio
391 2801 556 2876 colebant
580 2802 709 2878 Graeci
732 2807 955 2903 summisque
987 2807 1153 2905 praemiis

79 2922 111 2980 et
121 2909 287 2982 laudibus
299 2910 536 3000 honorabant·
546 2911 740 3010 vituperat,
756 2914 853 3011 quod
866 2911 957 2984 nihil
972 2939 1013 2986 ea
1032 2911 1154 2985 autad

79 3017 253 3113 publicam
267 3019 388 3092 autad
402 3019 576 3118 privatam
591 3023 862 3119 prosperitatem
876 3022 1024 3118 prosint3
1036 3018 1155 3094 extol-

78 3121 115 3194 lit
127 3141 246 3199 contra
265 3134 454 3225 poetarum
471 3126 733 3228 doctorumque
750 3143 843 3202 artes
859 3143 896 3202 et
914 3131 1048 3221 studia,
1061 3154 1156 3227 quae

79 3256 155 3303 curn
170 3236 369 3307 maximum
387 3235 545 3307 habeant
559 3235 727 3308 utilitatis
747 3238 926 3328 fructum,
945 3249 1025 3309 tum
1037 3234 1155 3308 multo

79 3336 143 3410 illis
166 3343 338 3442 dignitate
361 3343 612 3442 anteponenda
635 3346 716 3415 sint.
748 3344 902 3416 Carmen
927 3345 1020 3433 hoc,
1050 3347 1156 3437 cujus
1190 3389 1202 3408 ·

78 3459 208 3539 partem
229 3451 438 3523 Athenaeus
470 3451 645 3538 servavit,
672 3446 819 3550 publice
846 3463 1031 3536 cantatum
1054 3476 1153 3538 esse,

80 3569 325 3650 argumentum
338 3557 483 3630 'indicio
501 3569 569 3648 εει,
603 3556 714 3656 idque
730 3558 989 3658 Xenophanem
1009 3555 1157 3629 uberius

79 3660 179 3734 etiam
214 3677 378 3755 tractasse
400 3666 622 3763 cognoscitur
647 3691 691 3738 ex
716 3667 781 3754 iis,
822 3691 916 3764 quae
941 3665 1155 3736 Athenaeus

79 3760 295 3845 laudatishis
314 3772 474 3845 versibus
495 3771 616 3856 addit:
635 3775 777 3844 πολλὰδὲ
798 3779 847 3842 καὶ
865 3773 949 3846 ἄλλοι
967 3781 981 3840 ὸ
998 3771 1157 3868 Ξενοφάνης

81 3882 149 3944 κατὰ
171 3889 220 3962 τὴν
251 3889 346 3952 ἑαυτοῦ
371 3890 469 3978 σοφίαν
497 3887 731 3974 ἐπαγωνιζετοιι,
761 3882 931 3966 διαβάλλων
956 3889 993 3956 ὡς
1022 3877 1156 3974 ἅχμηςσν

80 3985 125 4047 καὶ
148 3987 310 4067 ἀλυσιτελὲς
335 3995 431 4071 τὸτῆς
452 3991 608 4068 ἀθλήσεως
634 3984 711 4068 εἶδος.
740 3990 854 4058 Multa
872 3998 1061 4080 praeterea
1087 3987 1158 4054 Xe-

82 4095 245 4180 naphaeos
266 4097 440 4170 coneedit
456 4121 557 4170 suum
575 4095 724 4168 laudans
742 4081 975 4191 capientium}
1001 4092 1157 4165 ludicrae
