2842 4884
281 410 345 479 17⁴
694 432 734 473 nn
755 431 947 473 mortuns

277 587 512 686 Theophrasto
528 585 544 679 (
558 585 632 682 ipse
643 584 731 655 dicit
751 612 762 655 ι
785 598 823 662 ὡς
845 594 937 682 agape
955 596 971 653 a
988 584 1181 683 ecam)
1197 584 1353 680 retulit,

277 699 364 771 baec
398 695 564 790 deinceps
601 692 699 764 addit
728 718 738 763 ε
769 698 902 785 Διογένης
928 694 961 762 δὲ
995 698 1047 761 και·
1076 712 1126 775 τῆς
1154 698 1357 789 &Apama

277 811 383 883 ταύτην
411 808 506 869 αἰτίαν
537 802 641 891 λέγει,
671 798 717 867 ἔτι
746 806 895 890 &atym
926 811 972 867 τοῦ
1001 802 1078 878 ἡλίου
1105 804 1136 867 τὸ
1163 804 1280 892 γλυκὺ,
1319 808 1359 872 τὸ

276 913 514 997 καταλειπόμενον
538 907 589 971 καὶ
613 911 745 994 ὑπομένω
768 907 892 998 etp-,pta
912 901 983 972 εἶναι
1002 907 1166 996 συμβαίνει.
1179 906 1247 976 Hic
1262 931 1358 1004 eigo

276 1013 398 1086 dulces
410 1034 523 1107 aquae
536 1022 651 1105 partes
666 1036 685 1079 a
702 1007 775 1079 sole
788 1008 894 1079 educi
907 1032 1122 1106 sursumque
1140 1011 1227 1081 ferri
1241 1010 1353 1082 dixit.

275 1118 380 1211 Quod
392 1128 513 1187 autem
529 1114 583 1185 his
600 1114 791 1211 vaporibus
802 1139 874 1183 non
887 1114 991 1185 modo
1007 1112 1123 1186 nubes
1134 1127 1171 1187 et
1186 1114 1355 1211 pluvias,

275 1223 337 1297 sed
351 1235 473 1299 ventos
486 1222 592 1293 etiam
606 1232 642 1292 et
661 1221 806 1316 spiritus
823 1222 919 1317 gigni
937 1222 1080 1315 putavit
1094 1220 1356 1317 Xenophanes,

274 1330 371 1401 idem
395 1340 431 1402 et
458 1327 533 1399 aliis
562 1325 735 1424 placuisse
763 1324 972 1423 physiologis
1001 1339 1175 1398 memorat
1201 1328 1356 1399 Aristo-

275 1434 390 1522 teles,
420 1433 622 1506 dicentibus
657 1432 847 1504 humorem
881 1432 1062 1529 quondam
1096 1431 1176 1503 solis
1206 1434 1356 1509 fervore

274 1553 399 1615 ustum
425 1542 465 1611 in
487 1564 656 1636 vaporem
678 1564 888 1611 conversum
906 1564 996 1629 esse,
1015 1540 1101 1610 inde
1117 1539 1262 1635 spiritus
1281 1568 1356 1613 au-

274 1672 402 1747 rasque
425 1646 624 1719 exstitisse:
652 1668 761 1742 quam
791 1645 997 1741 opinionem
1023 1645 1280 1717 Anaximandri
1309 1658 1355 1720 et

274 1754 444 1854 Diogenis
464 1752 570 1825 fuisse
594 1764 741 1822 annotat
766 1750 971 1824 Alexander
991 1751 1026 1822 ⁶⁰.
1051 1754 1099 1822 Hi
1126 1754 1236 1851 igitur
1264 1752 1356 1849 plu-

267 1862 416 1953 ·viarum
428 1858 578 1932 eandem
591 1884 632 1930 ac
644 1871 834 1933 ventorum
852 1860 1015 1930 fecerunt
1030 1859 1218 1956 originem,
1234 1884 1354 1956 quam

278 1967 480 2065 opinionem
502 1965 639 2037 disertis
660 1965 778 2036 verbis
801 1963 1006 2035 Aristoteles
1030 1965 1139 2067 refert
1162 1964 1213 2035 ⁸¹:
1240 1974 1296 2035 εἶσὶ
1315 1968 1356 2036 δέ

162 2136 167 2145 .
277 2100 350 2151 τινες
374 2080 400 2141 oi'
421 2102 511 2169 past,
537 2078 584 2141 τὸν
607 2075 777 2163 καλώμενω
805 2080 877 2168 &ipa
907 2079 1064 2163 xnoipeaoa
1092 2074 1144 2163 μὲν
1168 2077 1222 2139 καὶ
1246 2070 1353 2167 ῥέοντα

276 2180 382 2269 ἄνεμον
407 2174 502 2264 εἶναι,
523 2186 708 2267 συνιςάμενσν
731 2180 762 2247 δὲ
785 2184 831 2246 τὰ)
859 2182 942 2245 adria
967 2191 1057 2247 roten
1082 2181 1169 2247 πάλιν
1196 2188 1272 2275 νέφος
1296 2186 1357 2248 καὶ

275 2285 371 2380 ὕδωρ,
405 2294 442 2361 ὡς
461 2300 510 2364 τῆς
525 2288 610 2364 abrae
637 2290 745 2379 φύσεως
773 2285 857 2365 αἴσης
892 2283 992 2375 ὕδατος
1020 2292 1071 2353 καὶ
1093 2294 1264 2377 πνεύματος·
1297 2293 1355 2356 καὶ

276 2396 324 2459 τὸν
345 2389 449 2467 ἄνεμον
479 2386 550 2457 εἶναι
578 2399 685 2469 κίνησιν
708 2399 798 2485 ἀέρος.
824 2391 924 2463 Inter
951 2403 1111 2463 auctores
1133 2392 1244 2486 buJus
1270 2389 1353 2488 pla-

276 2498 337 2571 citi
349 2496 601 2570 celeberrimus
619 2507 673 2567 est
687 2497 934 2596 Hippocrates,
950 2522 1058 2596 quem
1084 2498 1207 2571 laudat
1224 2498 1354 2597 Olym-

275 2605 442 2702 piodorus
466 2614 681 2675 statuentem
705 2602 755 2695 ⁸²,
781 2611 827 2674 τὸν
858 2604 966 2696 ἄνεμον
989 2612 1066 2701 ἡέμις
1088 2602 1158 2675 εἶναι
1181 2605 1274 2702 ῥεῦμα
1299 2615 1357 2676 καί

275 2725 388 2805 χεῦμα·
412 2718 504 2781 τούτω
526 2718 586 2805 γὰρ
610 2716 789 2803 κινούμενω,
817 2715 878 2789 τοὺς
906 2717 1023 2801 ἀνέμοις
1050 2710 1135 2805 ἔλεγε
1160 2718 1351 2805 γίγνεσθαι,

276 2829 410 2911 ἕςαμένω
444 2820 476 2887 δὲ
506 2823 537 2886 τὸ
564 2816 652 2913 ὕδωρ.
690 2819 744 2887 Ex
783 2818 838 2888 his
876 2818 1084 2888 testimoniis
1117 2830 1215 2917 patet
1247 2818 1354 2914 quod

277 2923 518 2997 demonstrare
530 2924 669 3011 studui,
687 2922 815 3020 placita
831 2922 908 3017 illa,
928 2950 1020 3020 quae
1036 2923 1250 3021 Xenophani
1264 2924 1352 2995 Sto-

278 3030 388 3103 baeus
411 3028 559 3121 tribuit,
583 3042 690 3103 neca
719 3043 881 3107 veterum
909 3031 1074 3128 opinione
1089 3058 1157 3104 nee
1181 3032 1226 3103 ab
1247 3029 1352 3113 illius

279 3147 393 3209 aetate
417 3161 491 3209 esse
514 3134 639 3209 aliena.

319 3420 385 3505 (80)
405 3423 519 3484 Aristot.
537 3420 653 3481 Meteon.
669 3422 723 3498 ll,
746 3445 770 3483 r.
785 3445 814 3504 p.
833 3418 893 3501 426
907 3424 938 3483 C.
948 3422 1017 3483 ibid.
1026 3423 1074 3496 11,
1097 3445 1125 3485 2.
1145 3446 1174 3507 p.
1194 3423 1296 3505 428A.
1310 3422 1350 3483 ad

278 3534 305 3595 q.
326 3513 347 3574 l.
366 3510 502 3573 Alexand.
521 3510 645 3593 Aphrod.
667 3512 721 3589 ll,
740 3510 769 3591 4.
791 3536 820 3595 p.
841 3512 900 3591 433
920 3514 954 3573 A.

316 3628 381 3709 (81)
400 3628 514 3691 Aristot.
538 3624 611 3687 lbid.
632 3627 676 3702 ΙΙ,
705 3630 750 3688 13.
769 3629 859 3709 princ.
881 3648 911 3707 p.
928 3624 999 3704 421.

318 3754 383 3833 (82)
403 3748 563 3835 Olympiod.
595 3750 684 3811 schol.
704 3751 735 3809 in
754 3750 872 3809 Meteon.
895 3750 926 3808 la.
949 3751 979 3823 1,
1010 3771 1072 3831 cap.
1095 3750 1223 3822 15,f01.
1250 3772 1289 3811 22
1313 3758 1351 3815 A.

278 3844 490 3924 “Hippocrate
508 3840 567 3923 περὶ
585 3852 684 3921 parata
707 3840 855 3921 Praecipue
877 3840 1059 3921 comparanda
1078 3840 1147 3901 baec
1167 3842 1251 3901 Ennii
1271 3845 1350 3924 apud

278 3930 398 3994 Varron.
408 3934 439 3993 1..
453 3934 486 3992 la.
499 3932 537 4008 V,
563 3954 617 4016 19:
632 3958 647 3990 a
658 3932 725 3991 Istic
737 3942 778 3989 est
787 3931 810 3988 is
823 3931 933 4010 Jupiter
953 3951 1035 4008 quem
1051 3930 1133 4007 dico,
1147 3953 1229 4011 quem
1245 3932 1349 3995 Graeci

279 4042 295 4075 a
317 4032 419 4080 vocant
438 4027 537 4095 aerem,
557 4023 604 4100 qui
624 4032 723 4083 ventus
742 4030 827 4077 estet
846 4019 948 4092 nubes,
970 4020 1059 4080 imber
1074 4032 1185 4102 postea,
1207 4033 1290 4102 atque
1311 4045 1349 4083 ex

279 4133 295 4167 a
318 4108 405 4170 imbre
422 4111 523 4190 frigus,
541 4124 639 4176 ventus
649 4122 712 4193 post
727 4106 769 4185 fit,
780 4113 826 4169 air
844 4104 945 4173 denno.
964 4132 980 4167 a
