2842 4884
94 522 148 567 me
180 499 338 568 orbatum
371 496 522 567 videbam
553 509 587 568 et
615 501 733 570 multis
764 498 961 572 destitutum
994 478 1172 572 librorum

93 627 288 711 subsidiis,
314 626 441 721 quibus
468 625 515 695 ad
540 627 789 721 perficiendum
816 629 906 700 illud
932 598 1017 723 opus
1040 653 1164 701 carere
1218 644 1221 653 ’

93 781 164 825 non
187 780 328 848 possem.
364 759 442 846 Qua
471 753 666 848 difficultate
692 759 801 850 facilc
828 758 873 827 ab
901 763 1033 851 incepto
1063 783 1163 851 opere

92 912 200 958 essem
230 887 440 977 deterritus,
465 893 539 958 nisi
562 887 760 977 adjumento
782 896 872 960 mihi
897 894 1024 979 fuisset
1046 889 1164 961 erudi-

93 1025 304 1091 tissimorum
328 1021 500 1091 hominum
522 1023 627 1114 favor
639 1073 654 1107 ,
680 1029 747 1117 qui
771 1023 1032 1117 suppeditandis
1055 1023 1165 1093 libro-

90 1181 175 1226 rum
199 1159 305 1248 copiis
324 1155 440 1226 studia
456 1179 530 1226 mea
543 1167 798 1249 promoverunt.
817 1162 861 1227 In
874 1162 930 1228 his
944 1167 1090 1250 praeter
1108 1180 1164 1225 cc-

91 1296 184 1355 teros
211 1285 252 1354 de
286 1309 337 1354 mc
362 1290 549 1378 promeriti
571 1298 654 1357 sunt
686 1287 717 1356 J.
758 1284 904 1358 Geelius
914 1338 929 1372 ,
978 1286 1164 1380 Laydcnsis

89 1414 300 1487 Academiae
316 1419 495 1511 professor
511 1427 545 1486 et
560 1418 854 1508 bibliothecarius,
880 1423 937 1487 cir
961 1442 1030 1488 non
1054 1421 1165 1509 napis

91 1547 288 1620 eruditione
309 1573 410 1644 quam
427 1551 638 1620 humanitate
656 1554 825 1620 excellens
835 1600 849 1634 ,
870 1561 905 1620 ct
921 1548 961 1620 C.
984 1546 1165 1619 Bernhar-

91 1677 190 1770 dius,
204 1686 268 1775 qui
280 1692 350 1751 tum
364 1686 571 1752 lovaniensi
590 1682 811 1752 bibliothecae
819 1683 1035 1774 praefectus,
1052 1705 1164 1772 nuper

90 1821 232 1902 ereptus
263 1811 362 1880 nobis
391 1821 424 1879 et
455 1815 619 1880 Cassellas
642 1815 682 1880 in
696 1814 864 1902 patriam
894 1823 1072 1881 reuocatus
1102 1822 1162 1881 cst.

97 1945 290 2034 Utriusque
302 1941 549 2010 benevolentiae
563 1953 733 2035 quantum
748 1939 884 2011 debeam
898 1951 1024 2033 pratus
1039 1964 1164 2033 aquos-

91 2096 139 2141 co.
166 2073 301 2141 Eorum
332 2076 424 2140 enim
453 2075 559 2164 copiis
586 2076 756 2140 instructo
791 2074 934 2163 contipit
964 2075 1054 2140 mihi
1077 2075 1165 2142 satis

91 2206 223 2271 lautam
254 2224 453 2292 comparare
486 2205 612 2270 veteris
634 2204 873 2292 philosophiae
897 2204 1136 2292 supellectilem
1148 2252 1163 2285 ,

91 2330 129 2398 in
142 2355 214 2426 qna
235 2329 443 2424 disponenda
458 2341 492 2400 et
503 2329 679 2418 ornanda7
704 2342 873 2424 quantum
889 2335 977 2400 mihi
1003 2355 1025 2400 a
1039 2336 1163 2402 celcris

91 2458 221 2529 studiis
240 2471 273 2529 et
296 2461 574 2552 occupationibus
597 2472 755 2554 superest
772 2439 858 2546 otii,
878 2462 1050 2558 collocabo
1068 2465 1162 2531 Jam-

92 2615 160 2682 que
168 2593 326 2681 primum
341 2614 491 2660 meorum
504 2590 699 2662 studiorum
707 2593 866 2684 fructum
891 2591 987 2662 edidi
1012 2591 1164 2685 disputa·
1200 2649 1208 2668 .

95 2723 220 2788 tionem
247 2723 335 2787 hanc
357 2717 398 2787 de
412 2721 641 2811 Xenophane,
665 2745 779 2812 nuper
790 2719 838 2789 ad
857 2727 1059 2806 temissam,·
1075 2743 1164 2813 quac

95 2854 128 2918 si
150 2849 233 2934 tibi,
254 2861 294 2919 ut
314 2874 432 2942 spero,
456 2874 523 2919 non
541 2856 646 2942 plane
663 2851 765 2919 rudis
787 2873 849 2920 nec
869 2855 1022 2943 impolita
1045 2848 1163 2919 redca-

94 2990 175 3064 tur,
196 2984 286 3050 scias
311 2979 351 3049 id
370 2984 502 3072 partim
529 2985 632 3050 ctiam
658 2978 778 3050 deberi
798 3004 920 3073 operae
952 2976 1134 3050 Schmitzii
1146 3030 1160 3065 ,

18 3155 21 3164 ·
95 3116 322 3204 antiquarum
347 3116 532 3183 literarum
556 3117 595 3180 in
622 3109 810 3181 Academia
825 3112 1033 3182 Laconicnsi
1057 3116 1162 3182 lecto-

94 3246 167 3332 ris,
190 3243 419 3314 eruditissimi
440 3250 513 3316 ciri
528 3249 681 3338 mihique
698 3248 921 3328 amicissimi,
938 3249 1003 3337 qui
1019 3249 1162 3313 charta-

95 3396 177 3440 rum
184 3376 340 3466 plopulis
359 3383 517 3442 accurate
532 3373 748 3466 perlependis
770 3384 804 3442 et
828 3371 975 3444 subinde
998 3372 1161 3444 limandis

96 3527 179 3593 opus
205 3527 315 3572 meum
341 3507 488 3572 ornauit.

144 3748 231 3816 Misi
240 3771 320 3838 erpo
339 3746 386 3814 ad
401 3756 451 3830 te,
466 3741 601 3817 Heusdi
608 3795 621 3830 ,
637 3750 728 3814 hunc
748 3744 877 3813 librum
891 3756 1014 3837 tuoque
1029 3749 1164 3815 nomini

98 3875 271 3964 dedicaoi5
291 3877 382 3972 quod
399 3902 464 3948 cur
477 3881 643 3966 fecerim,
663 3871 780 3947 nec‘tn
800 3883 864 3971 qui
880 3899 990 3945 meum
1006 3880 1161 3946 animum

99 4017 208 4100 nosti,
238 4034 299 4080 nec
324 3981 507 4106 quispuam
536 4016 599 4104 qui
625 4021 683 4081 tua
723 4015 846 4080 merita
881 4019 1041 4103 tuamque
1062 4033 1162 4101 prae

243 4141 269 4208 Ι.
634 4168 640 4172 ·
995 4165 1017 4205 A
