2842 4884
497 419 678 473 arrianas.

67 571 100 644 15
147 574 210 643 οὔτε
234 581 294 668 γὰρ
318 583 343 642 εἰ
368 579 476 654 πύκτης
503 579 618 666 ἀγαθὸς
645 577 738 642 λαοῖσι
762 572 884 663 μετείη,

213 701 215 707 ⁴
243 674 302 750 οὔτ’
331 690 356 750 εἰ
383 685 586 766 πενταθλεῖν,
615 679 679 749 οὕτε
703 681 964 770 παλαισμοσύνην,

147 790 204 858 ott&
224 793 280 880 μὲν
305 796 330 856 εἰ
348 806 486 879 ταχυτῆτι
504 789 620 877 ποδῶν,
642 795 729 882 τόπερ
753 784 802 868 ἔςι
828 794 963 882 πρότιμον

242 894 366 992 ῥώμης,
392 890 455 966 ὁ’σσ’
480 898 590 990 ἀνδρῶν
614 888 677 990 ’ἔργ’
703 901 734 964 ἐν
758 903 845 986 ἀγῶνι
865 896 969 978 πελεν,

148 1004 281 1074 τοῦνεκεν
305 1003 347 1072 ata
375 1005 411 1087 δὴ
432 1008 541 1096 μᾶλλον
569 1011 599 1073 ἐν
628 1006 737 1094 εὐνομίῃ
762 1003 843 1077 πόλις
865 1007 921 1081 εἴη·

65 1131 103 1179 20
205 1125 207 1130 '
245 1117 363 1207 σμικρὸν
388 1106 413 1182 d
437 1111 476 1181 ἅν
503 1139 530 1180 τι
553 1114 633 1181 πόλει
657 1121 763 1205 χάρμα
791 1101 888 1202 γένοιτ’
913 1110 957 1177 ἐπὶ
978 1103 1041 1199 τῷ,

148 1226 213 1294 ε’ίτις
243 1222 394 1288 ἀεθλεύων
422 1219 493 1313 νικῷ
521 1217 617 1288 Πίσαο
643 1210 710 1312 παρ’
735 1214 855 1307 ὄχθας·

267 1329 274 1350 ’
245 1335 359 1425 ουγὰρ
384 1338 488 1399 πιαίνει
517 1335 608 1396 ταῦτα
640 1328 743 1417 μυχοὺς
763 1327 883 1400 πόλεως.

103 1587 148 1638 vs.
179 1591 208 1636 1.
236 1577 261 1636 εἰ
277 1571 343 1659 μὲν.
372 1566 512 1644 Wakef.
542 1565 637 1666 Sylv.
661 1565 746 1638 crit.
769 1568 826 1659 11,
864 1593 900 1666 p.
936 1568 987 1667 49
1009 1593 1131 1642 emen-

66 1665 164 1738 datet'
154 1702 240 1743 κεν
260 1673 410 1772 ,idque
438 1674 750 1772 schweighausero
774 1686 813 1748 et
844 1674 922 1746 aliis
947 1673 1132 1772 probabile

68 1775 190 1870 visum,
219 1781 306 1879 quia
328 1807 413 1852 mox
437 1782 477 1851 in
504 1781 646 1877 apodosi
676 1806 726 1853 vs
753 1778 778 1850 6
803 1781 928 1854 eadem
956 1779 1133 1878 particula

69 1883 239 1977 repetitur.
269 1888 317 1958 'Et
344 1913 428 1959 sane
455 1912 566 1986 quam
591 1885 694 1960 facile
719 1887 831 1959 fuerit
854 1886 916 1959 has
933 1912 1034 1962 voces
1050 1912 1134 1959 con-

70 1986 230 2085 fundere,
260 1995 474 2090 permutatis
501 1992 613 2066 literis
639 1995 674 2064 K
699 2006 737 2068 et
765 1994 816 2082 M,
848 2021 868 2067 e
898 1995 1006 2065 Bastii
1030 1993 1133 2064 Com-

70 2108 166 2166 ment.
180 2097 360 2198 Palaeogr.
378 2112 456 2196 post
469 2097 686 2198 Gregorium
702 2100 862 2172 Corinth.
880 2100 936 2175 ed.
956 2100 1134 2173 Schaefer.

69 2222 98 2294 p.
123 2228 210 2299 721,
234 2218 273 2278 et
295 2205 438 2279 Alberti
463 2218 620 2278 annotat.
645 2206 689 2279 ad
707 2206 857 2305 Hesych.
887 2230 920 2282 v.
947 2211 1136 2300 ἐπιλήκητος,

70 2305 143 2381 disci
167 2325 298 2410 potest.
328 2314 460 2385 Tamen
483 2340 601 2413 quum
620 2340 695 2387 non
723 2326 865 2413 pateat,
891 2340 938 2386 an
958 2312 1137 2412 particula
1236 2343 1239 2351 ·

70 2418 112 2503 μὲν
135 2419 392 2517 superioribus,
422 2447 516 2520 quae
540 2421 859 2522 nobisperierunt,
882 2422 1028 2494 fortasse
1054 2432 1138 2518 apta

72 2519 190 2616 hient,
211 2526 306 2599 nihil
324 2528 543 2601 mutandum
568 2542 668 2628 puto.

110 2651 156 2704 vs
175 2581 208 2703 3.
235 2641 298 2731 πὰρ
318 2635 478 2706 Πίσαο
427 2666 503 2734 pope.
521 2626 776 2738 Plerumque
766 2661 806 2706 111
822 2625 930 2728 ludis
937 2601 1137 2731 Olympicis

72 2736 303 2827 praedicandis
327 2766 401 2813 non
431 2741 571 2814 flumen
596 2748 709 2834 Pisa,
736 2740 798 2813 sed
825 2739 947 2814 civitas
975 2736 1138 2834 ejusdem

73 2845 213 2916 nominis
251 2860 473 2922 memoratur
509 2849 587 2925 Jovi
627 2874 748 2954 sacra,
778 2836 899 2945 apud
908 2870 1018 2943 quam
1051 2845 1139 2918 festa

74 2954 253 3024 certamina
279 2951 514 3052 agebantur.
545 2954 590 3026 de
615 2979 702 3052 qua
691 2903 818 3052 piura
844 2952 965 3028 notavi
987 2952 1027 3023 in
1052 2952 1139 3052 Spe-

74 3054 144 3127 cim.
168 3059 310 3136 Pindar.
338 3088 374 3161 p
391 3061 441 3162 69
471 3086 522 3160 sq.
539 3060 744 3163 Stephanus
768 3064 852 3160 Byz.
877 3073 1000 3135 tamen
1021 3057 1137 3134 dicit.

81 3433 109 3492 15
164 3441 227 3502 Non
247 3445 340 3521 enim,
362 3446 386 3505 si
403 3445 494 3506 bonus
514 3445 592 3527 pugil
609 3446 646 3504 sit
663 3445 694 3504 in
714 3446 847 3521 civitate,

166 3545 213 3592 aut
234 3536 412 3615 quinquertio
432 3536 531 3615 aliquis
550 3535 688 3595 excellens
708 3546 756 3593 aut
775 3533 853 3593 lucta

167 3637 214 3682 aut
231 3626 336 3708 pedum
354 3626 502 3689 velocitate
522 3646 592 3705 quae
612 3637 653 3685 est
672 3625 768 3685 robori
784 3622 985 3698 anteferenda,
1125 3670 1130 3701 ‚

166 3711 256 3793 (quae
275 3728 341 3776 suat
359 3716 482 3776 virorum
500 3718 530 3774 in
550 3714 623 3776 ludis
644 3711 836 3794 certamina3)

166 3801 229 3864 ideo
249 3807 400 3865 constituta
416 3805 513 3865 melius
530 3817 558 3864 et
579 3817 686 3864 morata
702 3805 789 3863 fuerit
807 3800 971 3883 respublica.

79 3898 112 3939 ²⁰
166 3889 285 3956 Parvum
300 3893 387 3959 modo
404 3893 536 3974 gaudium
554 3895 652 3958 civitas
669 3893 737 3953 inde
754 3890 848 3973 capit,

168 3982 191 4039 si
211 3987 360 4046 certamine
379 3984 477 4063 aliquis
493 3985 593 4048 vicerit
613 3979 649 4042 ad
668 3983 748 4042 Pisae
766 3981 861 4062 ripas:
955 4027 961 4030 .

168 4089 226 4133 non
244 4077 319 4138 enim
337 4073 463 4136 ditantur
481 4073 526 4136 his
544 4074 648 4142 civium
665 4072 733 4134 soci.
