2842 4884
279 390 343 455 142
672 408 722 448 os
744 405 936 449 retrosimus

270 584 329 643 νοῦν
352 566 504 641 similem
528 565 720 663 perhibens
743 576 853 663 σφαίρᾳ
876 561 956 659 ζώσῃ
979 569 1094 658 ποικίλῃ
1109 594 1118 659 3
1135 590 1230 663 quae
1248 568 1350 639 notio

271 700 387 776 quum
411 673 508 771 apud
526 671 714 770 plerosque
732 671 957 761 invaluisset,
978 672 1075 745 idem
1090 679 1236 771 quoque
1253 676 1352 770 pris-

272 812 328 859 cos
352 780 575 881 philosophos
601 794 636 851 et
663 792 761 854 vates
791 780 857 851 hae
884 780 1038 876 imagine
1067 779 1280 853 intellexisse
1314 794 1353 853 et

270 890 477 989 significasse
492 885 736 960 *crediderunt
759 912 767 956 :
793 885 890 982 quod
916 884 1091 981 imprimis
1117 884 1238 958 Proclo
1265 885 1352 983 pla-

270 992 406 1093 cuit-⁸⁵.
431 995 487 1065 Sic
511 992 691 1067 veteribus
707 992 915 1064 tribuerunt
936 994 1148 1065 sententiam
1166 1017 1262 1091 quae
1280 1018 1353 1064 nee

271 1101 414 1199 ingenio
436 1124 503 1171 nec
526 1099 705 1170 doctrinae
730 1124 856 1170 eorum
884 1096 1107 1195 congrueret.

322 1206 548 1279 Recentiores
581 1203 808 1276 Aristotelem
838 1202 1002 1302 plerique
1032 1206 1267 1301 interpretem
1294 1229 1353 1276 se-

271 1314 348 1385 cuti
368 1312 616 1383 existimarunt
641 1308 772 1402 illum,
796 1337 912 1408 quum
941 1318 970 1380 τὸ
994 1313 1024 1380 ἓν
1047 1311 1181 1383 diceret
1204 1310 1352 1401 Deum,

272 1421 316 1492 ad
349 1418 530 1491 mundum
553 1418 628 1513 (τᾶν
653 1418 802 1515 οὐρανόν)
824 1418 1041 1515 respexisse,
1071 1430 1108 1490 et
1133 1416 1352 1490 intellexisse

165 1524 169 1529 ’
271 1528 372 1626 quasi
385 1528 540 1599 animam
562 1526 697 1624 (quam
709 1526 941 1597 substantiam
953 1525 1164 1624 appellant)
1185 1552 1250 1623 per
1266 1526 1351 1597 uni-

270 1658 414 1725 versum
443 1632 636 1722 diffusam,
668 1634 854 1704 essentiam
885 1658 1008 1705 rerum
1037 1633 1202 1703 omnium
1234 1645 1351 1703 mate-

270 1742 361 1814 riem
387 1742 574 1838 omnisque
598 1751 750 1813 naturae
777 1740 1079 1813 fundamentum:
1106 1740 1205 1811 hunc
1226 1740 1350 1811 Deum

151 1878 153 1883 ·
271 1847 481 1945 appellasse,
508 1872 618 1946 quem
647 1860 765 1919 totum
792 1872 955 1938 cernere,
985 1861 1101 1918 totum
1128 1847 1268 1937 audire,
1295 1860 1350 1917 to

270 1967 351 2027 tum
369 1957 520 2053 cogitare
545 1954 675 2026 dixerit
697 1952 732 2025 ⁸⁶.
760 1955 853 2027 Hine
864 1953 972 2027 multi
989 1952 1216 2050 Xenophanis
1243 1955 1349 2024 ratio-

274 2087 361 2134 nem
376 2060 589 2157 pautlreismi
612 2061 758 2133 nomine
779 2060 1020 2157 designarunt.
1035 2060 1104 2131 Sed
1126 2085 1244 2157 quum
1269 2060 1351 2130 satis

167 2194 172 2201 ·
271 2166 462 2263 probatum
487 2165 587 2237 nobis
615 2166 792 2254 videatur,
808 2165 914 2237 illum
934 2169 965 2237 τὸ
987 2166 1020 2237 ὃν
1044 2165 1090 2236 ad
1102 2166 1220 2238 Deum
1246 2166 1350 2237 modo

272 2271 459 2363 retulisse,
485 2274 529 2345 de
557 2272 693 2343 mundo
720 2298 792 2344 non
822 2275 1010 2370 cogitasse,
1036 2275 1101 2346 ista
1127 2274 1249 2371 opinio
1274 2298 1350 2345 cora

272 2380 348 2451 ruit
358 2378 394 2450 ⁸7.
408 2379 525 2449 Etiam
546 2378 773 2476 Xenophanis
792 2380 965 2451 rationem
979 2405 1064 2452 cum
1083 2382 1256 2478 Spinozae
1267 2381 1350 2453 doc·

276 2488 369 2558 trina
394 2496 648 2582 compararunt
669 2482 704 2554 ⁸⁸.
726 2485 780 2557 De
805 2489 909 2581 cujus
934 2488 1109 2560 sententia
1124 2499 1166 2559 ut
1187 2488 1351 2559 omittam

270 2714 301 2776 ei
320 2712 358 2777 dl
379 2713 468 2795 κῦιλᾳ
491 2716 603 2776 sessim
624 2714 661 2793 (ὅ
683 2713 827 2797 eripeeds');
846 2713 926 2791 φησὶν
951 2718 965 2776 ti
987 2719 1139 2778 uterinos·
1159 2710 1201 2776 ire
1223 2726 1276 2776 ‚otu
1301 2744 1352 2794 μι-

271 2808 381 2885 μεῖται·
401 2806 436 2867 eis
461 2804 515 2887 wip
533 2807 547 2866 ὅ
567 2806 642 2866 selas
669 2816 725 2865 νοῦς
745 2807 793 2867 ul
816 2805 1013 2890 depteepqtnls
1034 2814 1071 2868 tis
1094 2803 1187 2870 {nerlu
1207 2809 1352 2888 ἔπιε-μαψί-

270 2921 349 2975 usses
368 2899 465 2980 step?
489 2896 583 2960 edura
608 2896 655 2958 eui
683 2898 775 2961 laevis
801 2900 825 2960 ἰν
848 2901 973 2977 insitus,
997 2894 1065 2961 alvo
1083 2896 1160 2962 urai
1182 2896 1213 2960 vi
1233 2898 1351 2960 ἔννεπέ,

274 3004 340 3063 ones
362 2988 522 3068 μιμοῦμενα
546 2999 638 3049 τοῦτον
665 2986 706 3049 *roi
728 2993 798 3050 κατ’
822 2987 943 3072 eriperis,
965 2989 1108 3053 tisinasci
1132 2988 1181 3061 asir
1203 2988 1350 3072 impediis

272 3080 402 3139 roseius.
413 3080 517 3142 Plotini
528 3082 665 3140 sententia
675 3101 805 3163 expressa
817 3103 832 3140 e
846 3082 970 3143 Platonis
993 3083 1128 3159 Timaeo,
1150 3104 1232 3164 supra
1245 3104 1274 3164 p.
1294 3104 1349 3142 120

271 3170 394 3231 laudato.
816 3188 819 3194 ’

313 3295 376 3378 (85)
400 3294 489 3355 Proel.
510 3298 541 3355 in
558 3296 629 3380 qut.
652 3296 750 3358 Theol.
773 3297 832 3375 IV,
852 3319 877 3357 e.
901 3298 958 3375 38,
978 3322 1007 3381 p.
1030 3302 1099 3383 239.

312 3416 377 3498 (86)
392 3416 478 3499 Bayle
496 3419 621 3479 Dictioo.
642 3422 777 3500 Xenoph.
803 3432 863 3480 not.
887 3420 926 3497 B;
940 3420 1021 3481 ‘hune
1046 3421 1126 3481 multi
1153 3423 1242 3480 secuti
1264 3432 1375 3496 sunt,¹

272 3506 369 3569 eontra
400 3528 468 3586 quos
492 3507 548 3585 jam
576 3508 746 3569 Moshemius
772 3509 808 3570 ad
835 3510 1014 3571 Cuthworthi
1034 3512 1109 3591 Syst.
1135 3510 1190 3570 lut.
1217 3510 1276 3584 IV‘,
1300 3530 1350 3568 ao.

272 3617 301 3678 p.
322 3596 400 3672 583,
422 3609 450 3655 et
466 3597 623 3657 Bruekerus
644 3599 717 3657 Hist.
740 3600 812 3658 Phil.
834 3610 856 3658 t.
877 3600 911 3673 I,
935 3622 963 3682 p.
988 3598 1066 3681 1149
1086 3598 1281 3679 disputarunt,
1300 3619 1352 3657 sua

222 3704 228 3714 ·
274 3698 391 3765 uterque
407 3685 532 3762 ratione3
552 3687 628 3747 varie
648 3686 683 3747 de
702 3687 754 3747 hac
771 3690 933 3768 quaestione
946 3688 1057 3748 disserit
1074 3688 1223 3748 Brandisl.
1239 3689 1257 3747 l.
1271 3708 1350 3769 pao

273 3794 333 3855 sqq.
358 3778 482 3837 Ritteous
504 3775 605 3837 Geseh.
636 3775 754 3845 uehit
772 3791 795 3838 t.
816 3780 849 3855 I,
869 3801 898 3861 p.
925 3778 986 3863 449
1009 3778 1184 3843 Aristotelem
1214 3779 1349 3856 sequitur.

313 3886 376 3969 (87)
397 3888 466 3953 vid.
489 3890 601 3951 uberius
623 3890 726 3951 dehoc
745 3892 925 3955 disserentem
951 3896 1055 3955 Cousin
1076 3894 1095 3953 l.
1114 3892 1134 3951 l.
1159 3914 1187 3974 p.
1210 3890 1249 3974 75
1269 3912 1329 3970 sqq.

318 3998 379 4079 (88)
400 4005 435 4063 ln
456 4007 552 4086 primis
573 4008 658 4089 Bayle
677 4009 697 4069 l.
717 4008 737 4067 l.
754 4006 923 4087 Diligentius
940 4008 976 4069 de
998 4008 1051 4069 hoe
1075 4024 1206 4086 quaerere
1226 4004 1349 4065 instituit

278 4088 448 4167 Fiillehoru,
466 4095 621 4179 Beytraege
640 4122 663 4161 z.
686 4097 789 4161 Gesels.
810 4097 840 4159 d.
859 4098 931 4161 Pltil.
951 4100 986 4160 Τ.
1006 4099 1021 4158 I
1032 4144 1042 4175 ,
1065 4100 1142 4159 Part.
1163 4098 1187 4157 Ι.

715 4264 753 4328 ,‚
