2842 4884
271 351 324 394 xlv

270 524 369 590 vero,
395 512 581 597 postquam
597 497 722 571 literae
745 524 765 571 e
789 496 937 574 Graecia
948 500 1201 574 Alexandriam
1226 515 1339 576 trans·

268 635 484 733 migrarunt,
501 657 585 702 cum
599 642 792 729 augeretur
812 631 850 702 in
867 631 942 704 dies
961 644 998 705 et
1013 631 1340 730 philosophantium
1412 618 1413 677 l

275 787 449 836 numerus
474 774 510 832 et
543 763 754 859 opinionum
777 761 1010 860 discrepantia
1033 789 1073 834 ac
1096 774 1234 836 veteres
1263 765 1340 835 fon-

268 907 321 965 tes
343 897 418 990 jam
442 917 643 965 exarescere
675 894 894 991 coepissent,
922 893 1120 992 philosophi
1143 907 1182 968 et
1207 893 1342 968 literati

268 1026 427 1098 homines
455 1026 495 1096 in
524 1026 745 1122 antiquitatis
778 1027 1072 1126 pervestigatione
1107 1029 1270 1124 occupati
1297 1053 1340 1100 eo

268 1183 413 1254 operam
434 1157 630 1248 dederunt,
658 1169 701 1230 ut
731 1158 916 1230 vetustatis
944 1156 1112 1254 reliquias
1145 1170 1182 1230 et
1210 1157 1341 1256 placita

268 1289 431 1388 undique
454 1287 684 1387 colligerent,
709 1289 862 1387 dispersa
888 1302 1142 1387 componerent
1161 1303 1198 1366 et
1216 1291 1342 1364 ordine

268 1417 480 1516 digererent.
507 1418 602 1490 Hinc
629 1443 780 1516 magnus
806 1420 938 1492 exstitit
962 1418 1138 1492 librorum
1166 1446 1342 1496 numerus

267 1551 464 1648 priscorum
489 1549 617 1648 placita
650 1550 933 1647 explicantium,
957 1576 1114 1648 quorum
1142 1551 1217 1648 ipsa
1245 1550 1341 1624 mul-

267 1683 384 1756 titudo
397 1684 643 1782 antiquiorum
653 1685 866 1782 scriptorum
884 1684 1086 1756 auctoritati
1104 1682 1221 1756 offecit
1235 1698 1270 1757 et
1281 1685 1342 1782 ip-

267 1839 319 1886 sos
348 1814 462 1888 fontes
494 1838 608 1911 paene
633 1813 764 1885 obruit.
797 1813 856 1884 Ab
885 1812 939 1885 his
966 1811 1092 1888 rivulis
1119 1814 1227 1886 ducta
1256 1827 1342 1886 sunt

266 1945 438 2044 pleraque
465 1943 527 2016 illa
557 1942 800 2041 philosophiae
829 1944 1039 2041 compendia
1067 1969 1161 2042 quae
1186 1944 1230 2016 ad
1254 1970 1342 2018 nos-

267 2087 359 2146 tram
377 2087 528 2148 aetatem
545 2086 811 2172 pervenerunt,
831 2073 1034 2163 Plutarchi,
1054 2073 1342 2175 Galeni,0n'ge-

265 2207 341 2300 nis,
356 2196 517 2300 Stobaei,
541 2205 715 2299 aliorum,
730 2231 824 2305 quae
851 2219 934 2278 nota
956 2218 1042 2278 sunt
1067 2206 1243 2278 omnihus.
1267 2206 1343 2277 Ho-

266 2362 350 2409 rum
385 2363 478 2436 quae
513 2337 602 2409 ratio
633 2337 705 2428 sit,
736 2337 803 2434 ipsi
834 2334 1009 2409 librorum
1041 2333 1143 2409 tituli
1169 2336 1340 2410 indicant.

265 2468 343 2539 Non
367 2468 464 2539 enim
490 2478 648 2540 mentem
664 2480 701 2540 ct
723 2467 936 2540 sententiam
956 2465 1248 2565 philosophorum
1271 2493 1342 2540 ex-

265 2598 419 2696 plicant,
445 2599 506 2671 sed
531 2597 661 2696 placita
686 2610 829 2671 tantum
856 2599 1064 2698 designant,
1096 2608 1192 2672 certo
1217 2598 1344 2672 ordine

265 2730 451 2828 disposita,
478 2730 649 2807 brevibus
669 2727 807 2803 inclusa
831 2731 1039 2822 sententiis,
1063 2726 1151 2802 adeo
1183 2728 1342 2822 exiliter,

181 2939 182 2942 Ἴ
266 2861 353 2933 adeo
376 2864 527 2957 jejune,
554 2875 675 2944 utne
698 2862 867 2935 umbram
894 2861 1042 2960 quidem
1063 2860 1218 2932 referant
1242 2863 1343 2932 anti-

265 2991 411 3088 quitatis
427 3018 434 3062 :
449 2990 615 3090 equibus
627 2995 656 3064 si
670 2994 752 3090 quis
766 3003 871 3089 putet
886 2989 1033 3063 illorum
1051 2991 1224 3063 rationem
1242 3016 1343 3089 posse

266 3120 444 3220 intelligi,
471 3123 568 3195 haud
594 3124 724 3196 melius
756 3125 933 3196 existimet
956 3147 1063 3220 quarn
1086 3124 1115 3195 si
1145 3148 1190 3194 ex
1220 3119 1344 3196 Iliadis

268 3251 422 3350 quadam
455 3254 609 3350 epitome
640 3255 792 3326 Homeri
815 3253 1002 3352 ingenium
1032 3252 1142 3327 vellet
1168 3253 1341 3346 judicare.

173 3434 179 3446 .
265 3382 378 3478 Majus
400 3383 572 3481 quiddam
593 3396 629 3456 et
650 3383 805 3482 amplius
830 3367 1006 3458 desiderat
1025 3384 1266 3482 philosophiae
1285 3413 1343 3458 co-

268 3517 391 3616 gnitio
423 3517 467 3588 Ut
492 3518 587 3589 enirn
613 3519 778 3616 gentium
803 3518 946 3590 historia
967 3545 1039 3590 non
1062 3532 1263 3593 eventuum
1285 3547 1341 3591 ae-

265 3659 458 3748 torumque
475 3650 655 3720 notatione
671 3659 837 3722 contenta
854 3661 926 3739 est,
940 3649 1050 3722 sedet
1068 3675 1204 3722 caussas
1214 3675 1342 3722 eorum

266 3788 303 3847 et
327 3778 470 3852 consilia
496 3781 661 3878 quaerit,
688 3792 725 3852 et
747 3806 872 3853 rerum
896 3783 1182 3879 opportunitates
1204 3793 1342 3876 tempo-

265 3889 435 4008 rumque
454 3925 633 3985 momenta
661 3913 836 4013 designat,
856 3924 893 3985 et
926 3927 970 3985 ut
1003 3916 1181 4011 cujusque
1213 3913 1342 4012 populi

266 4067 399 4136 mores,
419 4046 557 4140 studia,
575 4045 694 4119 cultus
719 4046 957 4143 significetur,
979 4031 1179 4144 exspectat,
1197 4045 1245 4118 sic
1262 4044 1341 4142 phi·
