2842 4884
244 365 290 432 50
377 355 380 360 ¹
693 385 887 430 xrrormrs

242 519 413 634 Le'ydens.
447 545 638 632 excerptus
679 560 699 605 a
730 531 986 607 Valckenaerie
1016 531 1129 604 Diatr.
1159 533 1328 632 Euripid.

242 640 388 742 p:195‚
410 653 447 714 et
461 639 578 713 Schol.
601 637 737 712 villois.
765 639 811 714 ad
835 639 936 714 Iliad.
960 638 987 712 l.
1014 638 1040 711 l.
1065 638 1130 712 ubi
1149 640 1189 712 in
1210 641 1331 738 primo

241 775 350 828 versu
385 774 450 848 pro
488 755 554 818 κοιι·
590 747 725 848 legitur
759 749 821 839 δὲ,
852 746 969 822 voluit
996 747 1153 820 fortasee‘
1167 750 1215 832 dt.
1246 745 1330 822 Dic-

242 869 324 931 tum
347 856 415 929 hoc
439 855 485 929 de
505 857 603 928 Iride
623 881 710 928 cum
736 855 863 928 ceteris
880 852 1109 950 Xenophanis
1128 853 1266 952 placitis
1282 857 1332 930 de

241 963 416 1040 sideribus
442 987 585 1061 prorsus
609 963 797 1054 convenit,
816 986 911 1059 quae
930 961 1023 1033 infra
1046 961 1330 1060 explicabimus:

242 1071 310 1145 hoc
335 1082 458 1144 autern
485 1095 570 1142 eum
594 1069 743 1143 Homeri
762 1068 858 1142 dicto
874 1067 1045 1142 collatum
1063 1069 1248 1144 veteribus
1266 1070 1334 1143 de-

243 1179 298 1251 dit
322 1176 528 1276 disputandi
553 1175 691 1265 locum,
718 1187 762 1248 ut
785 1187 887 1247 notat
911 1175 1142 1249 Eustathius:
1160 1178 1335 1276 Ξενοφάνοος

245 1293 310 1385 περὶ
333 1306 382 1371 τῆς
398 1285 505 1384 Ἴριδος
525 1294 556 1357 ἐν
581 1297 711 1383 ἠρωῖκοῒς
728 1286 826 1356 ἔπεσιν
848 1287 920 1356 οὕτω
945 1294 1110 1383 φράζοντος,
1129 1327 1179 1340 -
1201 1296 1226 1356 oi
1248 1298 1337 1384 ἀκρι-

242 1397 358 1492 βέςεροι
387 1403 544 1491 ὁρμώμενοι
571 1401 605 1464 ἐκ
630 1406 675 1464 τοῦ
719 1390 940 1490 (Ὁμηρικοῦ)
970 1401 1009 1466 ἐν
1039 1400 1155 1491 νέφεϊ
1181 1399 1336 1492 ςήρζιξε

243 1505 352 1600 φασῖν,
378 1501 407 1570 ον’
432 1510 508 1599 νέφος
534 1496 606 1569 εἶναι
632 1508 683 1583 τὴν
700 1495 776 1595 Ἶριν
812 1502 890 1570 ἀλλὰ
914 1505 1010 1577 πάθος
1034 1505 1100 1595 περι1
1123 1507 1221 1598 νέφος,
1260 1503 1333 1572 κτλ.

292 1687 463 1761 Ceterum
481 1700 553 1760 tres
572 1686 676 1758 Iridis
694 1684 845 1777 colores,
864 1684 964 1758 unde
981 1684 1056 1783 ipsa
1078 1697 1205 1784 τρίχρως
1219 1685 1335 1784 dieta,

243 1793 413 1870 celebrati
428 1807 545 1866 sunta
560 1793 760 1882 veteribus,
777 1817 1000 1891 quamquam
1014 1792 1112 1864 varie
1130 1795 1310 1866 nominati
1327 1823 1336 1869 τ

243 1901 459 2000 Xenophani
483 1904 514 1970 τὸ
536 1906 688 1998 πορφύρεον
712 1900 866 1990 dieitur,
892 1898 991 1997 quod
1015 1910 1069 1971 est
1094 1898 1196 1998 nigro
1220 1899 1338 1974 colori

242 2010 478 2108 proximum3
505 2006 673 2104 pallidius
704 2012 735 2076 τὸ
763 2016 918 2104 φοινίκεον,
945 2030 1100 2078 croceum
1115 2035 1130 2095 ,-
1147 2012 1188 2077 πὸ
1217 2011 1338 2105 χλωρὸν

243 2117 403 2214 denique
419 2113 500 2186 albo
519 2114 741 2210 proximum.
760 2113 837 2183 Etsi
854 2118 1058 2210 τὸ-πορφνροῡν
1082 2124 1120 2184 et
1144 2118 1176 2182 τὸ
1198 2129 1338 2210 φοινικοῦν

243 2222 455 2319 frequenter
475 2217 591 2292 solent
615 2217 806 2309 confundi,
820 2217 1097 2316 distinguuntur
1114 2229 1236 2291 tamen
1256 2245 1339 2294 ma·

147 2411 150 2418 ¹
243 2328 372 2403 nifesto
395 2326 441 2400 ab
465 2325 656 2400 Aristotele
680 2325 826 2398 Meteor.
840 2324 917 2414 ΠΙ,
937 2324 971 2416 4.
999 2349 1035 2421 p.
1062 2322 1151 2423 447,
1174 2324 1285 2395 Βιτο
1302 2355 1342 2398 τε

244 2443 349 2532 λύχνον
371 2455 428 2536 φῶς
452 2437 481 2505 ον’
504 2439 604 2506 λευκὸν
630 2437 709 2506 ἀλλὰ
732 2446 883 2531 πορφυροῦν
908 2443 1037 2531 φαίνεται
1061 2435 1161 2524 κύκλῳ
1184 2438 1242 2501 κοιῖ
1258 2442 1341 2530 ἱμῶ-

243 2548 315 2635 te,
340 2555 472 2644 φοινικοῦν
500 2543 529 2612 δ’
552 2539 595 2612 οἵ.
611 2540 724 2613 ‘Idem
748 2541 892 2614 Meteor.
924 2539 1002 2627 ΙΙΙ,
1030 2562 1065 2609 2.
1095 2563 1132 2634 p.
1163 2537 1268 2629 445,
1299 2540 1342 2612 Α

138 2715 141 2719 .
178 2721 179 2731 ,
242 2653 306 2728 hos
331 2665 403 2724 tres
427 2648 589 2721 nominat
614 2647 720 2718 Iridis
743 2646 899 2720 colores:
913 2651 944 2717 τὸ
966 2659 1099 2744 φοινικοῦν
1125 2651 1175 2716 καὶ
1198 2657 1341 2742 πράσινον

243 2769 294 2833 καὶ
314 2765 469 2857 ἁλουργόν,
495 2759 534 2828 in
557 2755 691 2853 quihus
713 2761 744 2826 τὸ
763 2760 898 2853 ἁλονρχὸν
923 2765 977 2827 est
1001 2755 1119 2852 nigro,
1144 2760 1176 2823 τὸ
1199 2769 1341 2852 φοινικῶν

246 2868 327 2941 albo
353 2866 463 2941 colori
496 2864 731 2961 proximum,
764 2864 927 2934 medium
951 2861 1047 2932 inter
1072 2871 1275 2959 utrumque
1305 2871 1342 2934 τὸ

244 2985 390 3072 πράσινον.
416 2970 529 3044 Multa
554 2995 664 3068 super
701 2969 756 3040 his
781 2969 961 3041 disserunt
991 2965 1191 3038 Aristotelis
1215 2969 1342 3042 inter-

244 3092 364 3178 pretes
388 3076 593 3149 Alexander
610 3089 648 3149 et
663 3073 939 3172 Olympiodorus
954 3073 992 3145 in
1009 3074 1272 3146 commentariis
1289 3076 1340 3149 ad

244 3181 523 3280 Meteorologica.
