2842 4884
524 373 701 431 unomen.

187 535 342 625 ἑςᾶσιιιὸ
365 543 467 612 ἐλάται
494 548 606 611 πυκινὸν
628 545 865 636 περὶὰῑμα-
1002 602 1009 612 ,

90 729 224 802 Versus
266 742 321 802 est
348 742 413 801 aut
436 743 661 828 pentameter
692 755 767 828 quo
790 729 975 802 interdum
1003 756 1090 823 usus
1115 746 1169 806 est

88 834 318 936 Aeschylus,
349 849 414 908 aut
441 839 559 934 potius
583 838 789 910 hexameter
814 863 889 910 uno
911 837 1003 935 pede
1024 839 1170 912 mutila·

90 960 164 1050 tus,
194 951 300 1048 quod
326 963 486 1022 metrum
515 952 704 1050 usurpavit
725 951 971 1048 Xenophanes.
999 952 1030 1021 Ε
1054 953 1169 1027 verbis

89 1068 215 1127 autem
244 1055 448 1128 scholiastae
476 1071 694 1155 exspectares
720 1059 760 1128 in
786 1056 854 1128 hoc
883 1083 988 1131 versu
1013 1061 1170 1131 mentio-

20 1257 21 1260 *
89 1186 174 1232 nem
202 1162 284 1234 fore
309 1181 364 1234 τῶν
390 1165 541 1257 βάκχων;
567 1165 627 1236 sed
656 1173 903 1236 memorantur
925 1165 1052 1250 ἐλάται,
1075 1189 1170 1261 quae

89 1267 146 1340 hic
178 1294 250 1366 pro
282 1276 413 1364 thyrsis
436 1272 509 1344 sive
533 1273 655 1362 βάκχας
685 1271 771 1368 poni
798 1268 968 1345 videntur
993 1295 1001 1338 ε
1026 1271 1071 1341 cf.
1096 1272 1169 1342 Eu-

90 1376 156 1471 rip.
184 1375 306 1473 Iphig.
335 1374 419 1447 Aul.
436 1402 487 1448 rs.
520 1376 623 1448 1058.
651 1376 843 1448 Caeterum
868 1399 942 1446 non
962 1376 1071 1471 magis
1100 1375 1171 1446 ob-

90 1507 219 1555 scurus
253 1495 306 1554 est
334 1483 527 1558 verborum
555 1510 678 1556 sensus
710 1508 820 1581 quam
852 1481 939 1558 levis
969 1480 1172 1554 scholiastae

82 1588 311 1680 auctoritas,
341 1590 402 1661 cui
431 1587 658 1688 Xenophanis
687 1589 781 1661 sillos
806 1614 881 1660 non
904 1588 973 1660 nisi
997 1588 1090 1661 fama
1111 1587 1172 1660 in-

91 1697 253 1769 notuisse
273 1707 413 1768 certum
440 1709 503 1769 est.

560 1916 707 1984 XXVIII.

143 2127 355 2202 Scholiastes
379 2126 425 2198 ad
447 2125 626 2223 Aristoph.
653 2126 734 2199 Pac.
760 2153 808 2203 vs.
827 2126 922 2226 696,
947 2129 1012 2203 ubi
1034 2129 1096 2202 ille
1118 2131 1171 2201 Si-

89 2235 250 2309 monidis
275 2245 313 2306 et
332 2229 512 2328 Sophoclis
534 2232 720 2305 avaritiam
736 2235 870 2332 tangit,
894 2234 982 2308 haec
1000 2236 1170 2308 adnotat:

96 2348 110 2406 ὁ
142 2341 305 2434 Σιμωνίδης
343 2340 514 2423 ὡεβέβλητο
549 2343 593 2408 ἐπὶ
624 2342 798 2435 φιλαργυρίᾳ
822 2393 833 2430 ,
869 2347 920 2408 καὶ
950 2347 998 2410 τὸν
1032 2345 1175 2440 lupoaldo
1211 2404 1216 2413 ,

95 2442 138 2516 ab
163 2447 271 2542 (λέγει
300 2439 550 2542 ὁἈριςοφάνης)
577 2446 625 2515 διὰ
649 2450 838 2544 φιλαρμιρίαν
866 2455 984 2517 ἐοικέναι
1013 2450 1056 2542 τῷ
1079 2455 1173 2540 Σιμω-
1235 2465 1240 2470 “

96 2552 171 2644 νίδρ·
198 2556 318 2646 λέγεται
344 2552 375 2620 δὲ
401 2552 443 2620 ’ότι
473 2549 520 2644 (ὁ
548 2553 723 2648 Σοφοκλῆς)
745 2561 778 2622 ἐκ
805 2569 854 2634 τῆς
880 2564 1042 2647 ςρατηγίας
1069 2572 1118 2634 τῆς
1143 2559 1193 2638 ἐι,

98 2662 378 2756 Σάμῳήρμυριὲιατα.
400 2655 570 2752 Χαριέιιτως
593 2657 625 2726 δὲ
648 2667 722 2726 πάνυ
748 2656 784 2751 (ὁ
805 2650 1018 2754 'Apte-opetum)
1041 2658 1173 2754 τῷλόγῳ

96 2763 204 2860 διέσυρε
242 2775 301 2840 τώς
338 2762 370 2847 β
403 2764 580 2854 ἴαμβοποιώς
621 2747 828 2862 (Σιμωνίδηνί
846 2769 896 2832 καὶ
934 2765 1088 2860 Σαραιλῆ)
1122 2768 1174 2830 καὶ

97 2876 237 2961 μέμνηται
274 2869 317 2939 ὅτι
355 2871 550 2964 σμικρολόγοι·
585 2867 656 2937 ὅθεν
699 2870 944 2965 Ξενοφάνης
981 2871 1172 2961 κίμβικα

99 2977 224 3045 αὑτὸν
250 2979 455 3070 προαγορεύει.
479 2972 702 3044 Postremum
728 2977 811 3043 αὑτὸν
836 2985 936 3069 patet
959 2973 1003 3045 ad
1026 2978 1172 3046 δίκαιαι·-

99 3080 170 3152 dem
182 3082 380 3178 pertinere,
394 3104 504 3177 quem
519 3079 765 3176 vituperatum
783 3103 855 3151 esse
867 3107 888 3151 a
902 3080 1123 3178 Xenophane
1135 3093 1174 3162 et

100 3190 224 3278 κίμβικα
250 3183 472 3284 appellatum
497 3184 594 3256 dicit.
625 3188 743 3277 Κίμβιξ
766 3185 899 3257 dicitur
927 3189 1112 3259 illiberalia
1134 3198 1174 3260 et

100 3299 284 3387 sordidus,
323 3294 421 3367 unde
456 3297 593 3387 κιμβεία,
626 3296 787 3386 κιμβικὸς,
824 3297 996 3387 κιμβικεία·
1013 3297 1173 3371 derivata

101 3416 183 3474 sunt
196 3431 204 3475 :
219 3403 264 3475 cf.
278 3401 477 3475 Hemsterh.
495 3401 539 3473 ad
550 3401 729 3498 Aristoph.
746 3401 843 3474 Plut.
857 3428 909 3475 rs.
928 3401 1012 3500 591,
1030 3429 1066 3500 p.
1091 3427 1170 3498 191.

101 3506 294 3583 Illiberales
320 3519 358 3580 et
379 3510 474 3583 avari
501 3508 689 3579 Simonidis
718 3533 833 3580 mores
862 3534 883 3579 a
910 3507 1034 3580 multis
1058 3508 1172 3577 notati

103 3628 207 3710 sunt,
239 3605 304 3706 ut,
326 3625 466 3712 praeter
490 3612 788 3710 Aristophanem,
815 3639 835 3683 a
855 3612 1031 3704 Pindaro,
1055 3611 1171 3683 Theo-

55 3735 58 3743 '
104 3722 203 3815 crito,
226 3720 459 3811 Callimacho,
485 3718 579 3812 aliis,
604 3720 862 3818 Xenophanem
887 3720 1035 3793 veroin
1059 3717 1172 3789 Simo

105 3827 222 3902 uidem
242 3827 335 3900 illud
349 3827 496 3919 dixisse,
530 3827 619 3899 mihi
644 3828 755 3926 ignoti
786 3822 990 3899 scholiastae
1019 3826 1173 3897 auetori-

20 4003 22 4012 .
105 3942 155 4005 tas
182 3962 255 4009 non
280 3934 381 4008 facile
417 3935 629 4033 persuadet,
665 3960 781 4032 quum
806 3957 879 4002 non
909 3931 1093 4029 probabile
1126 3933 1172 4004 sit

107 4047 200 4136 tum,
236 4067 352 4144 quum
380 4043 535 4116 maxime
567 4041 708 4116 floreret
739 4036 936 4113 Simonides
966 4052 1171 4214 qrpjaestum·

197 4149 228 4220 I·
608 4154 615 4168 .
