2842 4884
470 373 545 414 vrrs
568 373 606 414 ur
630 333 753 417 saunis.
1133 353 1155 416 li

76 527 155 617 papi
177 523 353 621 expeditio
373 523 541 598 adversus
568 523 673 598 Iones
701 537 740 597 et
764 523 1048 599 Phocaeensium
1070 525 1155 625 lisga

78 628 161 700 facta
185 641 236 700 est
256 628 399 727 Olymp.
425 627 487 727 59,
514 657 545 701 a.
569 634 619 722 ᾖ
646 635 845 724 Polycrates
870 642 993 704 autem
1015 633 1155 705 Samius

78 738 223 809 maxime
234 736 391 809 floruisse
401 739 543 820 videtur
554 739 697 838 Olymp.
709 737 774 810 62:
788 739 885 812 unde
898 750 1057 838 apparet,
1067 741 1155 814 haec

78 867 155 913 cum
166 843 358 934 Eusebiiet
372 844 536 941 Diogenis
549 845 760 918 testimoniis
773 842 881 942 plane
894 870 1102 943 congruere.

120 951 192 1024 Hoc
218 951 367 1050 quidem
391 965 561 1051 tempus,
587 978 663 1051 quo
682 952 911 1050 Xenophanis
935 956 1075 1025 summa
1100 954 1155 1026 in-

20 1053 21 1056 '
78 1059 164 1154 genii
180 1057 291 1157 gloria
308 1058 587 1147 determinatur,
600 1059 763 1132 medium
776 1059 1039 1156 quodammodo
1055 1072 1156 1134 tenet

77 1164 164 1235 inter
186 1177 340 1238 aetatem
361 1165 407 1236 ab
427 1164 646 1262 Apollodoro
670 1177 708 1237 et
726 1192 746 1236 a
765 1166 906 1237 Timaeo
924 1166 1154 1264 designatam.

76 1271 158 1341 Nam
181 1273 233 1362 si,
256 1284 299 1343 ut
317 1269 379 1364 ille
400 1274 547 1363 statuit,
571 1272 840 1372 quadragesima
859 1271 1070 1371 Olympiade
1092 1300 1156 1345 na-

19 1435 21 1440 ,
77 1386 130 1446 tus
143 1389 249 1467 esset,
261 1380 336 1472 jam
349 1383 595 1478 octogenarius
612 1380 735 1450 fuisset
753 1392 850 1469 tum,
865 1403 984 1477 quum
1000 1379 1156 1451 maxima

77 1482 205 1581 ingenii
229 1485 322 1558 fama
349 1485 518 1559 floreret:
539 1486 657 1585 quod,
675 1487 812 1559 etiamsi
834 1486 879 1559 ad
898 1511 1076 1557 summam
1096 1513 1156 1559 se-

76 1603 254 1664 nectutem
277 1594 367 1668 vixit
391 1607 429 1666 et
457 1595 596 1692 viguit,
623 1605 746 1665 tamen
770 1619 844 1667 non
869 1606 923 1666 est
949 1593 1154 1690 probabile3

76 1720 189 1794 neque
205 1701 317 1797 magis
339 1724 541 1798 congruum
566 1712 635 1792 est,
655 1701 684 1772 si
705 1702 919 1799 sexagesima
943 1701 1155 1800 Olympiade

76 1801 307 1900 Xenophanes
326 1805 553 1896 inclaruerit,
577 1804 752 1897 eundem,
771 1819 814 1878 ut
833 1807 998 1879 Timaeus
1019 1807 1152 1904 prodit,

75 1908 138 1980 suh
164 1911 344 2003 Hierone,
372 1914 437 2010 qui
460 1913 639 2012 sexaginta
665 1924 746 2010 post
767 1914 869 1986 annis
894 1915 1072 2012 Syracusis
1094 1937 1157 1987 re-

76 2019 211 2112 gnavit,
242 2018 360 2092 adhuc
389 2018 547 2092 floruisse
573 2032 639 2092 ant
663 2021 760 2094 inter
786 2019 953 2118 aequales
980 2024 1060 2117 ejus
1085 2022 1176 2119 po-·'

77 2123 178 2200 tuisse
208 2125 345 2198 haberi.

575 2237 674 2384 §as

119 2473 216 2549 llaec
235 2475 281 2547 de
303 2474 487 2572 antiquis:
510 2474 694 2550 videamus
715 2475 791 2569 jam
816 2473 1045 2563 recentiores,
1063 2498 1156 2570 quo-

75 2601 152 2651 rum
191 2607 268 2654 non
307 2572 446 2653 minus'
465 2581 623 2658 diversae
660 2594 746 2654 sunt
784 2581 953 2653 rationes.
998 2578 1156 2671 Quidam

74 2685 329 2786 Xenophanem
354 2689 462 2761 etiam
490 2690 730 2787 antiquiorem
754 2687 920 2760 fecerunt
945 2711 1056 2783 quam
1083 2697 1158 2757 sta-

74 2795 141 2866 tuit
159 2796 401 2896 Apollodorus
419 2825 427 2868 :
453 2823 548 2895 quae
565 2797 729 2894 quamvis
750 2794 1073 2866 literatissimorum
1094 2795 1157 2866 ho-

72 2904 213 2976 minum
248 2905 359 2978 fuerit
391 2906 559 3001 opinio⁷,
594 2916 717 2974 tamen
748 2929 833 2974 cum
860 2900 963 2973 nulla
992 2914 1159 2974 veterum

72 3017 302 3107 auctoritate,
320 3013 422 3087 nullo
437 3013 613 3114 probabili
629 3026 842 3113 argumento
859 3015 1022 3104 nitatur,
1043 3015 1157 3085 omit-

72 3122 178 3195 tenda
202 3135 268 3196 est.
290 3123 458 3219 Plerique
479 3124 664 3194 Timaeum
688 3121 911 3220 potissimum
936 3122 1050 3193 secuti
1072 3148 1159 3194 eum

72 3230 187 3303 multo
213 3244 331 3304 aetate
356 3230 561 3304 inferiorem
578 3231 740 3303 arbitrati
761 3241 867 3322 sunt,
883 3223 1086 3304 testimonio
1104 3232 1159 3304 usi

72 3333 181 3432 ipsius
204 3362 340 3412 versu:

346 3455 470 3533 Πηλίκος
489 3445 560 3534 ἦσθ’
585 3462 600 3520 ὁ
627 3454 887 3550 Μῆδος“ἄφι’κετο;

71 3590 108 3663 in
140 3603 221 3693 quo
247 3596 377 3667 Medici
404 3590 477 3672 sive
506 3599 647 3667 Paraloi
673 3591 762 3666 belli
786 3593 872 3666 facit
897 3593 1120 3665 mentionem
1135 3591 1159 3664 ⁸.

110 3807 155 3889 (7)
178 3809 226 3867 Ita
250 3806 374 3886 Scaliger
395 3805 523 3866 Animad.
544 3805 579 3866 ad
598 3806 698 3866 Eusob.
723 3805 821 3866 chron.
844 3827 906 3864 can.
930 3801 1024 3886 p.-.96
1046 3819 1161 3883 censet;

70 3895 144 3956 idem
165 3895 362 3976 suspicabatur
381 3897 513 3956 Corsinus
532 3895 566 3954 F.
585 3901 617 3955 A.
638 3897 672 3954 Τ.
689 3896 743 3969 ΙΙΙ,
763 3917 792 3977 p.
817 3894 873 3976 59,
894 3895 942 3972 qui
968 3897 1162 3955 tomentatios

70 3987 232 4047 arbitratur
250 3985 413 4068 Apollodori
434 3985 628 4045 auctoritatem
649 3985 734 4064 sequi.

111 4076 158 4159 (8)
178 4074 252 4139 vid.
274 4078 348 4136 infra
366 4077 466 4157 fragm.
480 4075 581 4138 XVII.
