2842 4884
527 434 745 479 annosorum.
1113 416 1176 481 197

92 580 225 678 gendis
247 584 437 680 praecipue
452 583 582 656 versati
601 593 708 671 suut,
726 580 889 661 similiter
910 583 1178 661 haecomnium

94 688 235 759 artium
268 689 433 787 princeps
464 716 485 759 a
501 701 669 761 naturae
699 687 844 761 divinae
880 690 1178 787 contemplatione

93 793 258 889 prolecta
288 796 360 887 est,
394 796 434 870 in
465 797 570 888 cujus
600 794 715 891 specie
740 794 973 891 exprimenda
994 796 1178 873 interiores

93 901 212 972 animi
237 926 360 974 sensus
381 904 560 1001 expressit.
586 902 656 974 Sed
667 900 730 975 ille
749 924 866 998 quum
883 902 929 975 ad
948 903 1039 975 hanc
1058 928 1179 1001 quaes·

94 1005 239 1078 tionem
266 1008 447 1081 accederet
473 1007 675 1081 dialectices
700 1031 824 1105 paene
837 1009 999 1105 ignarus,
1026 1034 1100 1081 non
1111 1011 1177 1083 mi·

94 1136 186 1185 rum
211 1113 239 1183 si
265 1116 402 1213 etipse
427 1126 465 1188 et
491 1114 575 1208 alii,
606 1116 671 1214 qui
700 1139 786 1187 eum
803 1114 916 1188 secuti
931 1126 1033 1207 sunt,
1059 1117 1178 1191 indis-

91 1217 382 1315 serendoparum
395 1220 542 1293 subtiles
553 1233 590 1293 et
601 1219 786 1294 interdum
797 1219 1009 1317 οἰγροιιωτέροι’8
1027 1220 1178 1295 fuerint:

93 1321 189 1395 haec
212 1335 333 1397 tamen
350 1325 428 1399 laus
441 1327 568 1399 merito
582 1328 617 1400 ei
638 1326 793 1413 tributa,
818 1326 915 1425 quod
931 1324 1062 1399 relictis
1085 1340 1178 1402 cete-

94 1451 226 1501 rorum
240 1430 437 1505 'sententiis
464 1458 594 1508 novam
623 1433 717 1507 viam
733 1444 822 1506 esset
840 1434 1038 1530 ingressus,
1064 1458 1179 1531 eoque

93 1532 302 1608 deduxisset
324 1536 581 1635 philosophiam
602 1536 983 1635 uhiexsesependeat
999 1535 1092 1629 sola,
1113 1564 1180 1611 nec

94 1642 301 1738 quidquam
318 1643 448 1717 haheat
465 1645 533 1716 nisi
549 1645 709 1717 notiones
721 1644 800 1717 illas
821 1656 982 1716 anatura
994 1644 1034 1714 in
1053 1645 1179 1717 animis

95 1757 327 1831 adumbratas
350 1772 387 1833 et
417 1760 463 1833 ah
482 1762 581 1832 omni
608 1787 780 1834 sensuum
808 1763 1037 1859 perceptione
1058 1786 1180 1833 remo-

96 1876 153 1935 tas
177 1874 211 1934 ²⁹.
229 1866 356 1963 Itaque
381 1870 460 1961 ejus
476 1866 690 1965 exemplum·
712 1866 904 1939 maximam
929 1867 1003 1941 vim
1018 1864 1180 1939 habuisse

96 1969 245 2042 videtur
278 1972 318 2041 in
347 1973 576 2070 sequentium
614 1984 688 2043 tam
725 1972 1034 2071 Pythagoreorum
1071 1971 1181 2068 quam

96 2074 343 2150 Eleaticorum
366 2080 557 2171 rationem,
584 2080 649 2176 qui
665 2078 890 2176 quaestiones
919 2076 963 2147 ah
991 2074 1053 2147 illo
1076 2078 1182 2150 insti-

98 2192 199 2253 tutas
219 2183 265 2255 de
299 2210 423 2257 rerum
446 2187 621 2279 essentia,
652 2185 697 2258 de
724 2210 823 2278 uno,
855 2184 901 2257 de
934 2196 1104 2276 aeterno,
1136 2185 1181 2258 de

98 2288 284 2384 absoluto,
313 2291 479 2365 subtilius
510 2293 689 2390 persecuti
714 2302 861 2365 suntet
889 2288 1032 2388 plenius
1060 2287 1178 2387 expli·

98 2407 270 2468 cuerunt.

150 2595 225 2687 Qui
250 2619 334 2671 vero
361 2595 406 2667 de
429 2593 507 2668 Deo
531 2608 605 2668 tam
622 2594 803 2693 magnifice
822 2597 1014 2688 sentiebat,
1027 2596 1123 2669 idem
1142 2598 1182 2669 in

101 2726 228 2773 rerum
252 2715 380 2775 natura
405 2700 496 2773 nihil
519 2701 712 2774 admodum
739 2699 983 2799 praeclarum,
1005 2701 1096 2773 nihil
1121 2728 1181 2776 ex-

100 2804 240 2879 celsum
259 2820 404 2907 spectat.
427 2809 570 2881 Numen
589 2807 754 2882 divinum
776 2833 796 2879 e
815 2807 951 2879 mundo
975 2832 1091 2905 paene
1114 2806 1179 2879 tol-

99 2913 170 3003 lit3
195 2915 313 2987 omnia
340 2916 384 2987 ad
410 2916 614 2990 naturalem
644 2916 740 3005 vim,
768 2917 1031 2989 concretionem
1054 2929 1090 2988 et
1117 2942 1181 2989 ex-

101 3020 337 3116 halationem,
364 3023 489 3117 refert3
508 3050 553 3097 ex
576 3021 765 3096 oculorum
782 3046 887 3095 sensu
901 3024 1019 3095 omnia
1035 3024 1183 3118 judicat.

102 3129 203 3199 Licet
227 3129 402 3229 quaedam
426 3131 624 3203 accuratius
653 3127 910 3226 exploraverit,
934 3130 974 3201 in
1000 3128 1181 3227 plerisque
1308 3166 1312 3173 ·

103 3248 226 3308 tamen
251 3248 350 3307 extra
375 3234 541 3333 vulgares
565 3237 688 3309 aetatis
709 3260 795 3307 suae
823 3235 1006 3331 opiniones
1029 3262 1103 3307 non
1131 3250 1184 3309 est

104 3366 321 3440 progressus.
349 3343 429 3437 Quo
445 3344 581 3417 factum
608 3355 670 3430 est,
699 3354 743 3415 ut
759 3340 960 3440 inphysicis
984 3340 1100 3415 multo
1117 3344 1182 3414 mi·

104 3474 232 3523 norem
247 3442 356 3547 q'uam
373 3452 412 3521 in
428 3449 675 3548 metaphysicis
703 3448 768 3544 (ut
780 3448 846 3521 hoc
867 3447 976 3524 verbo
990 3450 1093 3547 utar)
1121 3474 1183 3521 ce-

107 3556 311 3631 lebritatem
332 3558 377 3628 sit
397 3556 559 3655 adeptus.
586 3557 637 3627 In‘
652 3558 816 3655 utrisque
839 3555 1015 3631 diversam
1039 3566 1183 3628 secutus

150 3788 216 3870 (28)
231 3790 273 3850 Ut
292 3781 395 3870 judicat
416 3790 577 3851 Aristotelea
597 3789 725 3872 Metaph.
747 3790 778 3863 1,
800 3790 836 3864 5,
857 3810 885 3870 p.
909 3786 970 3865 648
989 3789 1020 3848 F.
1107 3858 1109 3863 Ι

152 3913 213 3993 (29)
235 3914 282 3973 Cf.
298 3913 384 3974 rerba
403 3912 543 3974 Braudisii
559 3934 589 3995 p.
602 3913 649 3993 75.
669 3911 808 3973 Plutarch.
820 3912 850 3970 in
872 3909 975 3973 Strom·
993 3909 1069 3993 apud
1078 3912 1178 3974 Euseb.

111 4001 208 4083 Praep.
230 4001 282 4061 Eu.
306 4024 336 4085 p.
359 4003 425 4079 23,
448 4005 472 4062 Δ
492 4027 499 4060 :
520 4001 664 4080 Ξενοφάνης
690 4004 703 4063 o'
728 4000 894 4083 Κολοφᾶηος
921 3999 1000 4061 thim
1026 3998 1086 4064 renai
1117 4001 1178 4063 tlt·

111 4089 370 4172 aesaeayoptmdael
385 4095 596 4175 παρηλλιχυῖαν
615 4092 722 4180 πείνης
745 4091 806 4156 vote
827 4093 1033 4175 προειρημένους.
