2842 4884
257 388 323 455 18⁰
665 406 704 445 or
727 404 920 447 momnis

257 590 277 627 a
296 558 422 653 Quum
456 553 582 629 multis
613 552 726 644 locis,
754 554 904 651 inquit,
935 566 1151 651 apparerent
1179 579 1344 652 magnae

251 678 432 738 terrarum
444 661 675 756 mariumque
696 660 914 729 mutationes
930 657 1146 750 ⁹⁴,veteres‚
1170 684 1345 756 qnorum

251 770 433 871 angustior
472 778 550 839 erat
576 765 696 851 acies,
731 777 911 860 putarunt
939 767 1073 836 medens
1108 767 1156 834 od
1180 772 1344 837 univer-

251 904 329 951 sum
352 876 517 947 mundum
537 879 729 967 pertinere.
752 872 829 942 Etsi
851 883 975 943 antem
996 898 1126 944 verum
1140 884 1215 964 est,
1233 872 1345 945 mul-

251 996 304 1055 tas
319 1006 419 1053 nunc
438 992 549 1052 terras
567 1002 641 1050 esse
657 975 724 1048 ubi
741 975 827 1048 olim
843 1003 943 1049 mare
958 976 1052 1064 fuit,
1069 990 1190 1049 tamen
1203 1005 1343 1052 caussa

251 1080 360 1175 hujus
385 1084 445 1149 rei
466 1102 535 1149 non
557 1077 605 1146 ud
630 1076 757 1146 mundi
779 1088 946 1147 naturum
969 1078 1158 1170 referendo
1182 1091 1264 1147 eet:
1283 1081 1342 1149 ri-

251 1182 415 1256 diculum
439 1194 492 1255 est
516 1182 615 1254 enim
638 1194 786 1279 propter
809 1182 954 1279 exiguas
981 1180 1181 1278 brevesque
1205 1196 1341 1254 muta-

251 1290 365 1361 tiones
381 1288 592 1363 universum
611 1287 678 1359 hoc
696 1287 832 1361 moveri
849 1299 996 1383 putare,
1016 1287 1195 1384 siquidem
1213 1300 1340 1363 terrae

250 1396 460 1495 magnitudo
484 1408 522 1470 et
542 1392 652 1467 moles
678 1394 725 1465 ad
754 1406 873 1465 totum
902 1394 1083 1466 mundum
1113 1396 1242 1491 puncti
1269 1398 1339 1469 in-

250 1516 322 1577 star
343 1514 441 1575 est.»
466 1502 564 1573 Haec
578 1525 683 1598 ¹quae
710 1498 774 1572 ille
797 1500 837 1571 in
867 1512 1003 1574 veteres
1029 1499 1187 1598 physicos
1216 1501 1334 1592 dicit,

250 1613 473 1689 conveniunt
492 1635 637 1707 prorsus
659 1609 1003 1706 inaXenophanem,
1029 1611 1095 1707 qui
1117 1635 1233 1707 quum
1254 1623 1334 1683 ter-

250 1746 328 1793 ram
344 1720 475 1791 faceret
494 1718 725 1814 praecipuam
745 1718 905 1789 universi
925 1728 1090 1813 partem,
1109 1717 1219 1812 hujus
1235 1742 1331 1815 quo-

251 1851 324 1926 que
352 1823 613 1899 mutationibus
639 1826 754 1897 totius
778 1824 909 1897 mundi
934 1825 1060 1897 faciem
1087 1836 1332 1924 naturamque

249 1932 435 2007 immutari
459 1931 634 2005 censebat.

749 2233 821 2315 ss.

298 2456 377 2527 Jam
400 2449 639 2550 explicuimus
661 2471 702 2519 ea
727 2469 820 2543 quae
849 2444 895 2515 de
919 2442 1146 2540 Xenophanis
1170 2441 1327 2542 physicis

250 2562 348 2663 apud
369 2572 506 2635 veteres
533 2567 729 2629 memorata
752 2551 996 2650 reperiuntur.
1022 2551 1065 2621 In
1089 2548 1236 2648 singulis
1253 2550 1326 2623 ho-

248 2694 333 2742 rum
353 2664 561 2741 testimoniis
581 2658 806 2759 explorandis
823 2657 937 2730 multa
959 2655 1172 2729 offendimus
1186 2656 1325 2728 incerta

249 2790 287 2851 et
310 2776 482 2864 obscura,
510 2770 626 2843 multa
649 2769 757 2840 etiam
780 2766 924 2839 confusa
947 2776 984 2836 et
1008 2764 1205 2853 contraria,
1227 2788 1325 2860 quae

248 2908 322 2955 non
346 2880 448 2955 facile
471 2879 511 2951 in
536 2872 699 2971 ejusdem
723 2872 877 2945 hominis
896 2881 1055 2943 mentem
1078 2869 1205 2941 cadere
1225 2868 1322 2943 vide·

248 3000 376 3063 rentur
400 3014 407 3059 :
434 3010 506 3084 quo
528 2983 665 3055 factum
689 2992 743 3053 est
758 2990 802 3050 ut
820 2978 888 3050 viri
905 2976 999 3049 docti
1018 2976 1322 3067 existimaverint,

248 3105 312 3168 aut
333 3093 413 3165 ficta
435 3116 507 3165 esse
538 3087 710 3186 pleraque
732 3085 819 3157 haec
840 3093 877 3156 et
902 3109 922 3154 a
948 3082 1174 3178 Xenophanis
1198 3093 1322 3154 mente

247 3199 385 3286 aliena,
407 3208 471 3270 aut
492 3197 613 3293 ipsum
635 3195 675 3266 in
699 3189 903 3290 quaerendo
924 3187 1025 3263 nulla
1049 3189 1187 3261 ratione
1211 3214 1322 3261 usum

247 3443 387 3523 redemit,
406 3445 441 3505 o'c
456 3442 593 3521 γινομῖνου
614 3450 661 3503 τοῦ
681 3442 803 3522 ούρανοῦ·
825 3484 833 3497 .
854 3477 864 3496 ·
884 3477 894 3495 ι
916 3477 925 3495 ο
946 3434 1025 3498 irad
1042 3433 1137 3496 roim
1156 3432 1204 3503 rtis
1227 3430 1318 3495 airino

246 3546 275 3603 ου’
296 3538 343 3609 rsh
358 3548 407 3602 rod
425 3536 649 3615 eiemouyimu
668 3536 776 3597 οἴεσθαι
793 3528 864 3614 χροὶ·
884 3531 989 3604 γιλοῒον
1006 3527 1060 3613 wip
1081 3528 1133 3591 ded
1150 3527 1250 3610 petepds
1269 3527 1317 3588 esi

245 3630 392 3715 despectius
410 3623 573 3707 persuasis
592 3628 671 3687 uastis
689 3625 721 3688 ri
737 3636 803 3687 arcis·
822 3624 834 3683 ὅ
855 3619 892 3685 di
912 3632 961 3689 riis
981 3632 1034 3694 yfir
1055 3619 1136 3695 tysis
1155 3618 1202 3682 sai
1216 3616 1248 3680 vi
1267 3616 1319 3695 με’·

243 3729 330 3796 *seder
358 3720 438 3784 otidis
466 3721 505 3784 iss
527 3717 617 3786 dimo
639 3715 702 3799 arpis
727 3713 771 3777 eis
792 3710 851 3776 itus
871 3706 991 3796 eriperis(
1322 3702 1326 3709 ⁵

286 3844 345 3927 (94)
365 3846 408 3905 De
425 3842 469 3903 his
488 3841 687 3902 mutationibus
705 3838 791 3899 multa
815 3859 851 3897 ex
870 3836 1014 3897 Herodoto
1038 3835 1154 3913 aliisque
1171 3832 1316 3894 veteribus

243 3932 330 3993 relert
344 3933 389 3993 Jo.
412 3933 549 3992 Camiotes
567 3929 603 3991 ad
622 3928 810 4011 Theophrasti
829 3927 954 4007 Metaph.
967 3927 988 3984 f.
1000 3924 1037 3985 61
1053 3922 1314 4004 sq.(xtt.1551.)

242 4022 333 4172 kppips
347 4022 546 4187 {tgrplipsignis
557 4034 598 4081 est
608 4020 684 4101 apud
697 4016 919 4098 Theophrastum
934 4014 970 4075 de
979 4014 1079 4074 Ventis
1090 4034 1119 4094 p.
1134 4015 1204 4074 233.
1221 4011 1312 4093 (edit.
