2842 4884
221 320 246 384 8
414 302 417 312 ¹
669 309 864 394 nunciamus

218 489 407 565 Graeciam
430 487 686 589 perlustraret,
711 515 844 562 nomen
873 492 953 583 ejus
980 489 1181 562 factitandis
1214 513 1305 562 car-

113 627 116 640 ·
217 601 376 674 minibus
412 598 633 671 illustratum
657 624 743 672 csse.
779 599 849 672 Sed
874 597 940 670 alia
965 623 1112 696 quoque
1132 611 1220 688 sunt
1243 599 1306 669 in-

217 707 319 782 dicia.
340 707 503 778 Primum
520 717 801 778 commemorant
814 705 926 802 ipsius
942 704 1123 801 quoddam
1141 705 1306 776 testimo-

218 815 336 887 mium
352 813 397 884 de
409 815 612 907 Epimenide
628 813 751 911 (apud
768 813 867 909 Diog.
884 811 999 882 Laert.
1014 812 1047 898 I,
1064 824 1147 883 sect.
1169 838 1208 881 11
1223 837 1251 883 r.
1265 811 1306 908 ),

217 921 263 993 de
288 922 394 1014 cujus
414 932 529 991 aetate
554 921 737 1018 Erropctrnct
754 923 926 1016 Κολοφώνιος
949 926 1100 1000 ἀκηκοέναι
1117 924 1185 1016 φησί
1197 972 1208 1008 ,
1234 926 1310 988 τέτ-

218 1055 297 1123 ταρα
320 1033 389 1124 πρὸς
414 1048 470 1108 τοῖς
487 1027 664 1107 πεντήκοντα
679 1031 845 1096 audenarda
867 1025 919 1106 ἔτη
935 1023 1043 1095 illum
1061 1025 1196 1096 vixisse.
1215 1025 1309 1121 Epi-

220 1133 404 1215 menidem
430 1159 503 1204 non
527 1133 643 1204 multo
668 1146 747 1231 post
773 1130 916 1230 Olymp.
940 1129 989 1222 46
1014 1143 1202 1204 mortuum
1232 1156 1309 1204 esse

222 1237 407 1337 probabile
432 1252 484 1312 cst
508 1267 516 1310 :
541 1265 646 1338 ergo,
665 1241 789 1329 aiunt,
808 1241 836 1311 si
854 1238 1092 1335 Xenophanes
1111 1237 1149 1310 id
1171 1264 1190 1308 a
1216 1248 1311 1310 natu

222 1343 419 1441 majoribus
443 1371 480 1417 se
505 1346 680 1420 audivisse
706 1347 819 1436 dixit,
845 1356 994 1442 apparet
1018 1369 1104 1416 eum
1129 1345 1310 1440 posterius

226 1451 377 1526 demum
396 1452 523 1526 vixisse
538 1451 572 1523 ¹³.
604 1452 655 1523 At
676 1479 761 1526 curn
779 1452 954 1550 Diogenes
973 1476 1060 1524 eum
1079 1476 1152 1522 non
1176 1478 1195 1522 a
1217 1463 1310 1523 natu

221 1558 419 1653 majoribus
447 1559 485 1629 id
509 1560 705 1657 accepisse,
730 1559 791 1632 sed
820 1571 964 1630 tantum
990 1557 1166 1631 audivisse
1193 1553 1309 1648 dicit,

220 1664 351 1762 quidni
381 1677 531 1761 possunt
556 1665 723 1762 aequales
750 1669 829 1762 ejus
859 1657 1037 1764 intelligi,
1067 1665 1133 1761 qui
1157 1663 1312 1761 Epime-

220 1770 345 1862 nidem
380 1770 448 1868 ipsi
479 1770 683 1845 vidissent?
716 1773 846 1870 Itaque
882 1771 949 1844 hoc
985 1771 1134 1868 quidem
1169 1769 1312 1844 levioris

221 1892 275 1952 est
310 1879 495 1951 momenti.
526 1876 681 1954 Gravius
719 1880 840 1972 illud,
873 1879 970 1978 quod
1003 1878 1049 1950 de
1088 1883 1313 1974 Pythagorae

222 1997 338 2060 aetate
354 1982 512 2056 relatum
530 1998 605 2079 est,
624 1989 731 2080 cujus
749 1985 879 2082 placita
901 1997 939 2060 et
959 1985 1158 2069 doctrinam
1177 2010 1312 2057 aemu-

142 2073 146 2104 ¹
221 2091 340 2164 latum
369 2115 441 2192 esse
462 2090 739 2188 Xenophanem,
765 2091 873 2190 vulgo
899 2092 1078 2165 creditum
1097 2104 1159 2173 est.
1188 2089 1313 2184 Quod,

223 2197 363 2273 etiamsi
388 2223 462 2268 non
490 2199 678 2271 audiamus
701 2200 898 2297 Diogenem
919 2199 1130 2291 Laertium,
1153 2200 1218 2297 qui
1240 2199 1314 2270 Te-

225 2305 356 2404 laugae
380 2305 592 2404 Pythagorei
616 2332 702 2380 eum
727 2307 814 2378 dicit
831 2306 1058 2398 auditorem,
1087 2306 1149 2378 sed
1174 2331 1232 2377 eos
1254 2329 1316 2402 po·
1369 2342 1372 2347 ·

223 2413 297 2486 tius
328 2437 553 2511 sequamur,
585 2413 746 2510 quiripsi
778 2412 998 2513 Pythagorae
1034 2411 1224 2511 aequalem
1255 2411 1316 2482 fa-

223 2521 329 2596 ciunt
341 2517 376 2616 ¹4,
404 2522 487 2592 satis
511 2533 633 2592 tamen
662 2519 845 2612 declarat,
873 2547 960 2617 eum
988 2547 1062 2593 non
1092 2523 1316 2617 superiorem

223 2628 445 2727 Pythagora,
472 2626 533 2700 sed
561 2639 652 2699 natu
673 2629 793 2724 potius
815 2627 1022 2701 inferiorem
1048 2627 1165 2699 fuisse.
1185 2624 1314 2720 Quid?
1397 2702 1400 2709 Ι

225 2733 323 2832 quod
348 2736 459 2832 ipsius
481 2734 653 2806 feruntur
676 2733 904 2831 Xenophanis
928 2759 1074 2825 versus,
1098 2732 1315 2831 quibusce-

226 2838 409 2912 lebratum
432 2839 527 2913 illud
550 2841 891 2941 metempsychoseos
915 2839 1090 2938 placitum
1113 2841 1252 2936 tangit,
1278 2850 1316 2911 et

224 2948 271 3023 de
298 2950 496 3050 Pythagora
525 2951 575 3024 sic
606 2952 750 3050 prodit,
779 2951 896 3027 veluti
921 2949 1113 3022 hominum
1141 2949 1236 3020 fama
1262 2947 1308 3020 de

268 3213 333 3292 (13)
352 3214 416 3274 Hoc
435 3228 597 3294 argumento
617 3217 707 3276 utitur
724 3215 863 3279 Dodwell.
880 3215 916 3276 de
928 3227 1016 3275 veter.
1035 3216 1135 3276 Graec.
1154 3227 1183 3274 ct
1194 3215 1316 3274 Roman.

227 3302 314 3384 cyclis
336 3325 366 3384 p.
390 3301 456 3380 134.
477 3304 652 3383 Epimenidis
672 3318 790 3368 aetatem
810 3307 857 3364 hic
875 3306 944 3366 facit
964 3306 1047 3365 etiarn
1067 3306 1214 3374 seriorem,
1235 3323 1318 3381 quem

226 3393 326 3451 statuit
349 3392 462 3474 Olymp.
483 3390 540 3469 54,
558 3414 583 3452 a.
601 3393 630 3472 4.
648 3415 706 3454 esse
721 3399 880 3466 mortuum,
896 3393 972 3474 qnod
988 3396 1093 3454 merito
1112 3395 1154 3455 Cl.
1168 3392 1313 3452 Heinrich.

224 3482 386 3564 Epimenid.
407 3504 437 3563 p.
453 3481 492 3559 24
513 3483 693 3564 improbarit.
714 3485 893 3546 Dodwcllum
911 3483 1006 3545 laudat
1023 3498 1051 3545 et
1065 3488 1189 3564 sequitur
1207 3482 1317 3543 Harles.

228 3577 260 3634 in
281 3576 392 3635 Fabric.
413 3572 485 3634 Bibl.
509 3574 560 3634 Gr.
583 3577 617 3634 T.
636 3576 683 3652 ll,
705 3599 734 3658 p.
749 3576 820 3637 615.

270 3663 329 3742 (14)
352 3664 470 3744 Diogen.
496 3663 529 3720 t.
560 3685 683 3743 prooem.
706 3678 774 3725 sect.
805 3667 841 3728 15
849 3711 860 3738 ,
883 3669 996 3728 Italicae
1014 3679 1105 3728 sectae
1125 3666 1199 3724 hanc
1217 3663 1319 3722 seriem

227 3753 314 3811 fuisse
338 3753 407 3813 dicit
432 3777 439 3812 τ
468 3751 639 3834 Depreddovs
660 3754 835 3834 (derisores)
862 3758 1046 3839 llo-Payo'paes,
1075 3755 1103 3816 od
1126 3751 1278 3826 Tqaaevyrls
1306 3752 1320 3812 θ’

230 3837 304 3914 vids,
328 3839 356 3902 od
382 3842 552 3922 Ξενοφάνης,
573 3839 602 3905 od
622 3845 808 3926 Παρμενίδης.
831 3848 884 3906 Hic
911 3848 1061 3906 Eleaticum
1084 3858 1187 3905 sectam
1210 3857 1237 3902 et
1264 3845 1319 3926 Py-

230 3933 419 4011 thagoricam,
440 3949 570 4016 cognatas
591 3936 702 4015 quidem
724 3938 806 4013 illas,
827 3950 948 3998 attamen
968 3937 1092 3997 diversas
1112 3937 1186 3995 inter
1204 3955 1234 3993 se
1251 3954 1319 3993 con·

232 4023 316 4084 ludit.
328 4024 477 4102 Aequalem
488 4029 681 4110 Pythagorae
696 4028 901 4112 Xenophanem
910 4029 979 4090 facit
989 4039 1087 4087 auctor
1098 4025 1234 4106 Theolog.
1257 4024 1277 4084 l.
1296 4025 1315 4084 l.
