2842 4884
249 400 292 440 11·

250 545 401 645 cognitio
411 546 694 645 ipsaargumenti
702 546 916 643 gravitatese
928 544 1162 638 commendat,
1171 571 1244 617 non
1256 548 1318 618 mi-

228 773 231 780 ·
248 701 318 748 nus
330 675 599 748 commendatur
611 687 776 749 veterum
789 676 828 746 in
842 675 908 747 hoc
926 676 1042 748 studio
1055 676 1266 774 praestantia
1283 688 1318 750 et

248 809 466 881 auctoritate.
480 805 687 904 Repetenda
705 818 759 878 est
771 807 868 878 enim
883 805 1102 904 philosophia
1120 834 1140 878 a
1158 805 1316 899 Graecis,

165 906 171 916 l
247 939 311 1036 qui
323 963 407 1009 cum
420 937 553 1035 ingenii
567 937 684 1034 vigore
695 937 851 1007 maxime
862 934 1124 1028 excelluerunt,
1137 949 1217 1007 tum
1230 940 1318 1035 cogi-
1355 1025 1358 1033 1

248 1070 346 1142 tandi
364 1083 400 1142 et
418 1069 609 1142 disserendi
627 1068 744 1140 studio
764 1069 812 1138 ita
831 1067 1044 1158 floruerunt,
1064 1080 1107 1139 ut
1124 1068 1169 1139 ah
1188 1069 1230 1140 iis
1246 1095 1317 1141 non

247 1201 392 1274 inventa
417 1200 520 1271 modo
536 1200 623 1272 haec
652 1197 857 1294 disciplina,
882 1198 942 1270 sed
974 1197 1117 1270 exculta
1141 1211 1249 1296 atque
1274 1201 1317 1272 ad

246 1355 423 1406 summam
446 1355 559 1427 paene
578 1329 832 1426 perfectionem
851 1328 895 1399 sit
919 1327 1081 1400 adducta.
1108 1327 1197 1420 Quis
1220 1329 1317 1402 enim

246 1465 406 1564 ignorat,
432 1476 566 1562 quanta
589 1487 729 1559 semper
751 1461 861 1532 fuerit
884 1459 1039 1530 Platonis
1063 1472 1099 1532 et
1122 1459 1318 1533 Aristotelis

246 1601 456 1690 auctoritas,
488 1577 663 1697 quicum
691 1624 756 1695 per
785 1596 900 1669 multa
930 1595 1048 1669 secula
1077 1597 1318 1694 principatum

244 1731 291 1822 in*
309 1728 528 1828 philosophia
558 1730 782 1818 tenuissent,
814 1740 893 1799 tum
920 1738 1037 1798 nostra
1068 1726 1173 1798 etiam
1204 1739 1317 1799 aetate

244 1861 406 1931 maximis
424 1860 613 1931 doctorum
629 1857 819 1930 hominum
835 1870 871 1929 et
889 1855 1178 1954 philosophorum
1194 1857 1318 1929 studiis

244 1990 483 2063 celebrantur.
513 1990 558 2059 Hi
588 2001 706 2096 tamen
734 1989 945 2085 priusquam
976 1987 1019 2059 ad
1049 1985 1193 2060 culmen
1224 1987 1316 2062 illud

244 2132 385 2216 possent
412 2119 599 2218 pervenire
611 2173 624 2216 ,Ι
649 2143 759 2235 qpam
788 2116 895 2188 multi
919 2118 1132 2189 exstiterunt
1156 2117 1314 2190 doctrina

245 2261 282 2322 et
313 2249 456 2348 ingenio
485 2245 722 2338 excellentes,
754 2271 910 2343 quorum
941 2245 1066 2317 studiis
1095 2259 1131 2318 et
1162 2248 1315 2323 inventis

243 2379 418 2476 patefacta
428 2381 502 2474 jam
515 2377 571 2452 via
597 2387 665 2468 est,
692 2401 806 2473 quarn*
815 2373 869 2445 illi
882 2386 966 2447 sunt
979 2377 1167 2473 persecuti.
1180 2376 1314 2469 Quam-

243 2508 365 2581 obrem
391 2519 428 2580 et
455 2508 498 2579 ad
523 2507 709 2580 literarum
734 2506 971 2605 cognitionem
986 2518 1023 2578 et
1044 2507 1089 2578 ad
1107 2507 1316 2580 eruditionis

241 2639 403 2712 fructum
414 2639 562 2712 maximi
575 2650 626 2710 est
639 2638 822 2725 momenti,
842 2648 1004 2711 veterum
1021 2618 1171 2710 illorum
1188 2665 1314 2737 cogno-

242 2794 338 2842 scere
370 2781 603 2842 monumenta
627 2767 760 2866 quihus
789 2780 826 2838 et
856 2766 1028 2839 seriorum
1053 2766 1180 2865 scripta
1214 2768 1314 2842 illus-

153 2885 154 2889 *
242 2911 399 2991 trantur,
418 2911 455 2972 et
470 2900 649 2972 doctrinae
665 2900 884 2971 incrementa
901 2899 1087 2994 fontesque
1100 2898 1314 2995 aperiuntur

242 3031 408 3129 equibus
425 3033 469 3104 ad
481 3044 615 3103 tantam
630 3030 900 3129 amplitudinem
914 3030 1131 3128 philosophia
1145 3032 1311 3109 excrevit.

291 3273 328 3342 Si
362 3299 444 3346 vero
478 3273 522 3345 ad
555 3275 681 3348 veteris
720 3267 960 3370 philos0phiae
994 3274 1213 3350 incunabula
1255 3305 1311 3352 re-

240 3403 422 3493 cedamus,
450 3409 527 3501 ejus
551 3407 651 3477 initia
680 3431 753 3476 non
765 3403 904 3496 solum,
932 3417 975 3477 ut
986 3405 1237 3505 plerarumque
1256 3435 1310 3480 ar-

239 3537 347 3629 tium,
365 3537 515 3609 fuerunt
529 3536 686 3626 obscura,
702 3535 763 3606 sed
778 3535 902 3607 'eadem
916 3536 979 3609 diu
990 3562 1135 3635 quoque
1151 3535 1310 3636 neglecta

238 3677 347 3763 atque
378 3693 396 3737 a
429 3664 557 3737 multis‘
580 3665 667 3736 adeo
699 3677 876 3736 contemta
909 3679 993 3736 sunt
1026 3679 1063 3738 et
1095 3667 1306 3765 vituperata.

238 3794 482 3894 Philosophiae
510 3797 607 3866 enim
639 3819 756 3890 quum
790 3821 830 3866 ea
857 3796 902 3866 sit
929 3809 1082 3888 natura,
1113 3823 1207 3896 quae
1235 3826 1308 3872 non

237 3925 341 3999 certis
367 3926 530 3998 adstricta
554 3923 686 4022 regulis
710 3928 885 4025 certisque
910 3928 1041 4002 finibus
1066 3943 1163 4028 septa
1188 3943 1307 4003 tenea-

238 4069 322 4148 tur,
346 4056 405 4127 sed
429 4055 675 4151 progrediatur
701 4082 841 4154 semper
867 4069 904 4130 et
928 4059 1037 4156 magis
1063 4059 1244 4156 magisque
1269 4067 1307 4134 se
