2842 4884
274 395 339 462 170
681 413 720 455 on
741 412 933 477 morsura

316 567 371 639 De
390 563 469 637 solis
484 576 604 635 autem
624 574 727 634 motu
744 575 964 649 memoratur
978 563 1045 637 boe
1067 564 1251 637 tradidisse
1277 593 1286 639 ε
1321 567 1352 619 ⁶⁰

269 678 314 744 τὸν
339 674 415 755 ἥλων
444 679 485 748 εἰς
510 668 626 765 ἄπειρον
650 673 703 760 μὲν
729 677 879 764 προϊέναι,
903 671 995 739 datto
1021 672 1053 741 δὲ
1082 675 1261 742 πωλεῖσθαι
1290 675 1354 745 διὰ

267 788 318 862 τὴν
342 787 495 860 ἀπόςασιν.
516 776 608 872 Ergo
626 772 707 845 solis
729 799 876 847 cursum
897 801 972 846 non
993 776 1096 848 certis
1116 776 1250 849 finibus
1269 790 1353 850 ter·

267 883 418 971 minari,
446 905 566 977 neque
591 880 711 977 ipsum
739 880 876 953 circum
900 892 1031 952 terram
1058 882 1134 979 agi,
1157 881 1219 954 sed
1242 896 1353 955 recto

267 991 395 1062 itinere
419 1014 484 1086 per
507 986 650 1061 coelum
673 988 760 1060 ferri
780 988 932 1084 putavit
953 989 1157 1085 Utrumque
1177 990 1352 1085 opinioni

268 1098 347 1188 ejus
369 1106 442 1167 tam
469 1095 514 1167 de
538 1092 742 1166 coelestium
769 1119 959 1192 corporum
986 1108 1138 1186 natura,
1158 1119 1272 1191 quam
1294 1097 1351 1169 de

266 1214 381 1274 terrae
403 1212 499 1272 statu
520 1225 722 1297 congruum
746 1212 810 1271 est.

179 1316 183 1327 '
315 1306 432 1377 Minus
455 1305 637 1404 probabile
660 1305 832 1402 estquod
858 1305 905 1379 de
932 1304 1091 1377 siderum
1115 1316 1217 1378 motu
1239 1307 1348 1403 apud

267 1409 448 1485 Galennm
466 1412 556 1484 Phil.
576 1438 652 1509 cap.
672 1410 714 1483 13
730 1411 885 1509 legitur:
903 1414 1063 1509 Ξενοφάνης
1087 1406 1159 1483 κατ’
1169 1419 1346 1510 ἐπιφάνειαν

264 1527 350 1589 οἴεται
375 1526 522 1591 κινεῖσθαι
540 1521 587 1598 nic
605 1528 725 1615 άςέρας.
744 1520 781 1588 Si
801 1519 1000 1616 significent
1022 1519 1110 1591 haec
1126 1519 1250 1609 verba,
1272 1520 1347 1595 Xe·

266 1624 468 1720 nophanem
481 1625 607 1697 dixisse
621 1625 735 1696 sidera
750 1625 867 1720 specie
881 1625 1030 1721 quidem
1046 1626 1199 1714 moveri,
1212 1649 1345 1721 reapse

266 1744 388 1805 antem
408 1733 612 1822 consistere,
631 1731 799 1804 abhorret
815 1731 882 1805 hoc
901 1758 922 1803 a
943 1741 1016 1803 tota
1033 1731 1257 1828 Xenophanis
1274 1734 1344 1824 ju·

267 1838 409 1913 dicandi
432 1840 568 1911 ratione
593 1850 631 1912 et
658 1838 703 1910 ab
729 1837 771 1910 iis
794 1840 876 1935 ipsis
898 1863 992 1934 quae
1016 1839 1121 1911 modo
1145 1839 1192 1910 dc
1214 1838 1344 1911 sideri·

243 1943 332 2017 *ben
355 1942 466 2017 relata
487 1956 582 2017 sunt.
607 1944 753 2017 Praeter
776 1942 959 2017 Galenum
984 1942 1108 2029 nullus
1129 1943 1196 2016 boc
1219 1943 1343 2015 Xeno-

263 2049 390 2147 phanis
415 2048 587 2145 placitum
617 2050 759 2146 prodit3
790 2062 827 2121 at
853 2050 1023 2122 Stobaeus
1053 2062 1091 2123 et
1122 2048 1342 2124 Plutarchus

264 2156 360 2229 idem
395 2156 583 2228 Xenocrati
627 2156 796 2227 tribuunt
832 2167 857 2206 ²⁰
895 2159 1109 2253 :Scapti-04
1144 2164 1224 2227 κατὰ
1264 2164 1342 2247 μίαν

264 2272 427 2361 ἐπιφάνειαν
454 2271 541 2332 οἴεται
569 2269 717 2332 κινεῖσθαι
745 2267 805 2340 τώς
832 2271 957 2360 ἀςέρας·
983 2274 1006 2333 οἱ
1032 2266 1063 2335 δὲ
1091 2260 1175 2334 ἄλλοι
1201 2268 1257 2359 πρὸ
1279 2282 1343 2333 τῶν

263 2376 365 2464 ἐτέρων
394 2373 453 2447 τσὺς
478 2374 634 2464 triponis
662 2366 728 2460 ὕψει
754 2373 804 2436 καὶ
829 2371 934 2453 βάθει.
965 2370 1106 2466 Spectat
1134 2368 1201 2440 hoc
1227 2366 1341 2465 placi-

264 2486 343 2548 tum
374 2476 419 2551 ad
449 2488 613 2552 veterum
643 2474 905 2548 nonnullorum
934 2477 1238 2575 disputationem,
1269 2476 1342 2573 qui

263 2582 404 2658 coelum
420 2585 459 2655 in
475 2582 606 2657 multos
631 2583 732 2655 orbes
744 2584 817 2658 sive
833 2584 996 2681 sphaeras
1018 2582 1275 2671 describebant,
1295 2583 1340 2654 in

263 2689 395 2787 quibus
419 2688 542 2762 stellae
561 2703 597 2762 et
612 2690 726 2762 sidera
750 2690 855 2765 variis
873 2689 1057 2763 ordinibus
1077 2701 1193 2761 essent
1212 2688 1337 2784 dispo·

262 2796 338 2867 sita.
371 2795 479 2869 Haec·
501 2808 622 2869 autem
654 2794 747 2867 nibil
767 2792 824 2867 'ad
863 2796 1127 2894 Xenophanem
1163 2794 1337 2869 videntur

264 2901 458 2997 pertinere.

311 3006 435 3103 Neque
465 3006 573 3104 magis
604 3005 747 3103 probari
792 3016 907 3103 potest
938 3004 1035 3102 quod
1076 3004 1199 3079 Cicero
1228 3016 1335 3077 retn-

263 3107 306 3179 lit
327 3120 349 3159 ⁷¹
379 3137 386 3181 :
418 3111 610 3184 «habitari
635 3114 684 3182 ait
707 3112 942 3208 Xenophanes
964 3112 1004 3181 in
1031 3109 1145 3201 luna,
1174 3136 1330 3208 eamque

262 3237 284 3285 r)
311 3240 384 3287 esse
407 3228 537 3289 terram
562 3216 762 3289 multarum
787 3217 994 3289 urbium'et
1018 3217 1243 3287 montium.»
1274 3218 1333 3287 Ci·'

261 3322 397 3394 ceronis
425 3322 570 3420 quidem
597 3324 842 3420 testimoninm
868 3334 1010 3394 secutus
1035 3332 1088 3393 est
1116 3334 1152 3392 et
1175 3321 1333 3419 amplifi-

261 3428 353 3501 cavit
375 3426 576 3498 Lactantius
601 3438 649 3519 ⁷²,
678 3429 728 3500 ita
751 3428 903 3527 prodens
932 3454 939 3499 :
971 3425 1248 3529 «Xenophanes
1276 3428 1334 3501 di·

301 3637 367 3721 (69)
387 3637 522 3697 Stobaeus
544 3636 564 3697 l.
584 3636 602 3696 l.
626 3658 653 3719 p.
674 3637 745 3716 534.
766 3638 863 3699 Galen.
885 3650 913 3697 et
934 3637 1077 3699 Plutarch.
1099 3636 1168 3698 ibid.

300 3758 363 3838 (7⁰)
386 3755 523 3816 Plutarch.
548 3755 595 3831 11,
624 3755 667 3816 15.
686 3757 820 3817 Stobaeus
841 3759 878 3828 1,
900 3755 957 3833 25,
977 3759 1024 3839 qui
1041 3778 1092 3839 pro
1117 3756 1254 3819 „antaeo
1276 3756 1333 3816 ba-

260 3844 309 3904 bet
330 3849 452 3908 κεῖσθαι.

302 3939 364 4021 (71)
386 3946 498 4018 Quaest.
517 3942 602 4004 Acad.
626 3942 691 4017 lv,
711 3944 761 4025 39.

263 4034 265 4039 ’
303 4036 364 4117 (72)
384 4042 476 4102 lusos.
497 4044 562 4107 niv.
583 4042 646 4117 111,
668 4043 717 4101 23.
