2842 4884
281 394 345 457 too
687 414 725 453 ιιι
749 412 941 455 xeroruarus

277 565 452 664 nophanis
477 572 592 636 aetate
620 574 657 635 et
686 564 844 637 doctrina
875 564 1077 639 abhorrere.
1110 567 1344 639 Posteriorum
1400 558 1401 573 ³

277 671 578 769 Pythagoreorum
589 668 671 739 ‘fuit
686 669 773 742 haec
788 673 981 762 sententia,
1001 683 1044 743 ut
1058 670 1213 743 Philolai
1226 682 1249 721 ²⁷
1262 671 1343 744 alio-
1400 666 1401 753 l

278 800 457 874 rumque,
472 775 640 873 aquibus
665 776 868 869 immerito,
886 788 930 849 ut
956 776 1072 849 multa
1091 776 1173 870 alia,
1200 780 1240 849 in
1265 805 1346 852 auc·

280 884 393 957 torem
420 882 534 976 hujus
554 878 767 979 'disciplinae
792 882 958 957 translata
987 896 1050 957 est.
1400 894 1401 907 *

686 1202 947 1223 m

328 1534 407 1603 Jam
441 1530 652 1629 singulatim
679 1528 918 1653 explicuimus
945 1532 1112 1651 quaeda
1139 1532 1401 1630 Xenophane

279 1635 418 1735 prodita
438 1648 546 1731 sunt3
561 1661 661 1709 nunc
678 1637 843 1711 universa
862 1639 983 1735 paucis
999 1639 1338 1737 comprehendamus
1400 1696 1401 1742 3

280 1743 462 1815 Profectus
484 1755 536 1815 est
557 1770 577 1815 a
600 1749 788 1840 poetarum
813 1743 1015 1817 fictionibus
1037 1757 1074 1817 et
1101 1743 1253 1836 fabulis,
1274 1746 1401 1851 qui-

280 1848 349 1921 hus
375 1861 449 1921 tam
477 1848 637 1922 Deorum
667 1848 790 1949 religio
815 1874 926 1948 quam
951 1852 1045 1925 vitae
1074 1850 1258 1949 disciplina
1279 1860 1344 1921 erat

282 1956 447 2055 oppleta:
465 1958 527 2030 has
545 1984 619 2032 non
639 1958 757 2031 solum
777 1972 820 2031 ut
836 1958 1095 2051 futiles1rr1srt
1116 1960 1293 2033 sedetiam
1308 1968 1345 2028 ut

280 2062 408 2160 impias
437 2075 474 2134 et
503 2064 578 2134 Diis
605 2064 769 2163 indignas
800 2066 979 2140 refutavit.
1010 2065 1111 2158 Quos
1138 2064 1243 2163 vulgo
1266 2064 1344 2134 Deos
1400 2078 1401 2099 ³

281 2181 475 2264 putarent,
506 2169 670 2262 coelum,
700 2172 836 2264 sidera,
868 2171 1001 2263 solem,
1032 2171 1250 2245 nihil'aliud
1279 2192 1344 2241 esse

282 2273 405 2345 docuit
441 2275 509 2345 nisi
552 2275 750 2349 nubeculas
774 2292 810 2351 et
837 2304 940 2350 auras
967 2290 1099 2352 natura
1129 2288 1284 2353 concreta
1310 2286 1342 2347 et

283 2380 438 2471 caduca,
463 2381 503 2450 in
524 2381 658 2479 quibus
675 2382 766 2454 nihil
788 2397 877 2457 esset
894 2386 1119 2479 immortale,
1133 2384 1222 2457 nihil
1237 2384 1344 2457 divina
1400 2380 1401 2471 l

283 2486 496 2605 praestantia
518 2486 679 2583 dignum.
699 2488 799 2562 Hanc
817 2502 984 2563 naturam
1008 2504 1134 2564 mente
1149 2488 1401 2585 investigans
1400 2480 1401 2551 l

283 2592 469 2690 quaesivit
486 2592 703 2689 praeclarius
722 2594 926 2691 quiddam,
954 2595 1049 2693 quod
1080 2609 1241 2669 aeterum
1267 2594 1401 2673 esset}

273 2710 321 2769 et
347 2697 563 2795 perfectum,
588 2698 626 2769 id
650 2710 702 2770 est
724 2698 795 2771 tale
820 2701 948 2798 quoda
962 2715 1113 2775 naturae
1138 2699 1401 2777 concretione

284 2803 506 2923 disjunctum
526 2803 598 2876 sola
623 2816 746 2876 mente
767 2807 876 2901 possit
901 2806 1168 2928 comprehendi.
1188 2808 1242 2877 Sic
1260 2830 1278 2873 a
1293 2802 1344 2873 di·
1400 2840 1401 2893 3

285 2912 368 2985 vina
392 2924 521 2981 natura
548 2911 631 2982 fecit
648 2910 918 3008 philosophandi
935 2914 1166 3010 principium.
1183 2914 1254 2983 Hoc
1270 2933 1344 3006 pro·
1400 2904 1401 3005 l

284 3016 441 3111 positum
476 3014 721 3139 philosophiae
755 3042 839 3089 cum
876 3017 952 3089 aliis
984 3019 1120 3091 artibus
1155 3019 1253 3091 fuit
1259 3038 1345 3087 com·
1400 3002 1401 3063 ἶ

285 3145 425 3193 mune:
445 3133 488 3192 ut
509 3122 607 3193 enim
628 3123 763 3218 poesis,
789 3136 833 3195 ut
851 3122 1035 3245 sculptura
1059 3150 1078 3194 a
1100 3124 1208 3197 rebus
1231 3117 1345 3193 divinis

285 3226 507 3301 celebrandis
532 3228 687 3324 profecta
716 3240 791 3317 est,
822 3231 1002 3328 primique
1025 3242 1122 3305 vates
1147 3243 1183 3303 et
1209 3227 1342 3301 artifices

285 3336 326 3406 in
352 3335 511 3407 Deorum
536 3337 720 3428 majestate
746 3336 979 3434 praedicanda
1005 3335 1263 3435 etimaginibus
1283 3332 1342 3401 fin*
1400 3348 1401 3351 ’

1400 3536 1401 3593 l

287 3639 387 3718 fragm.
411 3637 465 3696 111.
488 3636 585 3715 Neque
606 3648 698 3697 tamen
723 3658 774 3718 pro
796 3650 872 3698 certo
898 3638 929 3697 id
951 3638 1083 3698 affirmari
1116 3655 1195 3718 posse
1221 3634 1291 3713 ipse
1279 3628 1401 3707 ιιι]

288 3726 485 3791 animadvertit
512 3749 542 3808 p
568 3725 617 3787 58.
640 3728 813 3807 Improbavit
838 3730 942 3788 Cousin
967 3749 995 3809 p.
1018 3728 1077 3801 83,
1100 3739 1127 3787 et
1147 3727 1237 3785 Ritter
1252 3712 1339 3779 Gesclt

289 3816 318 3876 d.
337 3817 408 3877 Phil.
428 3816 536 3898 p..453
547 3815 722 3897 Pythagorae
732 3816 784 3875 hoc
794 3818 926 3898 placitum
938 3819 1065 3879 tribuunt
1078 3811 1257 3895 Diogenest.
1269 3801 1345 3874 v111,

291 3906 338 3964 30.
359 3905 499 3965 Plutarch.
520 3905 591 3987 plac.
603 3905 673 3966 Phil.
691 3906 734 3967 lv
741 3905 798 3982 4.
819 3907 876 3965 alii.

331 4059 392 4138 (27)
413 4058 480 4120 vid.
502 4058 622 4121 Boeckh.
646 4058 747 4119 Philol.
770 4080 797 4138 p.
825 4079 889 4140 ¹9⁰·
