2842 4884
539 407 753 450 rmnsorms.
1120 385 1184 452 toa

95 554 343 653 gumentandi
371 553 508 627 ratione
531 566 781 644 coarctarunt,
809 555 920 653 magis
937 553 983 626 ad
997 579 1099 628 suam
1115 554 1184 631 dis

95 661 246 734 serendi
273 652 387 734 artem
408 687 517 760 quam
540 661 585 734 ad
611 660 709 734 illius
725 662 929 760 ingenium,
954 674 997 734 ut
1017 661 1182 752 uidetur,

96 769 397 857 accommodate;
427 769 587 842 indicant
617 782 737 841 tamen
766 772 846 863 ejus
874 780 1033 842 mentem
1058 781 1097 842 et
1120 795 1184 842 ar-

96 889 280 971 gumenta
306 876 546 973 rationesque,
570 876 703 974 quibus
730 876 771 948 in
791 874 1070 974 philosophando
1097 899 1186 949 usus

96 991 149 1050 est
180 1007 190 1052 ε
220 980 400 1052 hahemus
440 982 551 1080 igitur
598 1008 777 1054 summam
812 983 911 1055 unde
947 981 1186 1080 cognoscenda

95 1088 177 1178 ejus
207 1086 454 1187 philosophia,
482 1103 520 1163 et
535 1088 701 1162 adhibitis
713 1087 867 1161 aliomm
879 1089 1112 1180 testimoniis,
1133 1085 1186 1160 il-

97 1187 295 1268 lustranda
323 1207 385 1293 est
1259 1211 1264 1220 ’

609 1504 681 1586 gs.

20 1763 21 1766 ’
144 1749 317 1819 Primum
341 1757 597 1844 argumentum
621 1745 688 1816 hoc
712 1757 766 1818 est
788 1771 798 1815 z
820 1765 846 1815 t(
862 1745 983 1838 Deus,
1008 1746 1186 1844 siquidem

98 1861 173 1944 est,
205 1867 317 1925 natus
338 1877 411 1925 esse
435 1875 510 1924 non
531 1862 670 1947 potest:
692 1875 778 1920 nam
801 1851 900 1948 quod
922 1854 1018 1924 nasci
1034 1854 1186 1926 dicimus

99 1962 258 2032 oriatur·
281 1985 422 2033 necesse
465 1970 540 2048 est,
575 1969 639 2028 aut
674 1981 720 2028 ex
758 1957 866 2027 simili
890 1972 1019 2031 natura
1047 1973 1110 2031 aut
1139 1985 1186 2034 ex

99 2065 266 2138 dissimili
293 2094 300 2138 :
324 2079 361 2140 et
384 2091 429 2137 cx
453 2063 560 2135 simili
584 2063 732 2161 quidem
750 2063 867 2137 simile
886 2079 1012 2137 natum
1032 2091 1105 2140 esse
1121 2091 1186 2140 ne·

99 2173 202 2269 quit,
227 2172 433 2245 cumidem
461 2173 506 2241 sit
532 2183 756 2268 utrumque,
781 2197 903 2270 neque
932 2172 1088 2246 alterum
1109 2199 1184 2246 ma-

100 2278 149 2373 gis
184 2278 351 2377 generari
377 2277 422 2348 ab
447 2276 561 2350 altero
586 2303 697 2375 quam
725 2303 897 2375 generare
926 2280 1044 2376 ipsum
1082 2303 1185 2377 opar-

100 2396 201 2479 teat3
232 2413 277 2461 ex
307 2386 466 2460 dissimili
495 2400 618 2460 autem
649 2401 778 2460 natum
811 2415 886 2462 esse
915 2389 1082 2462 dissimile
1110 2377 1185 2460 non

100 2505 242 2589 potest,
270 2495 563 2593 quandoquidem
582 2495 620 2570 id
642 2495 741 2592 quod
764 2507 817 2567 est
837 2509 1043 2568 nasceretur
1061 2495 1184 2568 videli-

101 2611 156 2670 cet
185 2628 232 2674 ex
260 2627 302 2674 eo
320 2600 418 2699 quod
442 2627 515 2672 non
542 2613 618 2692 est3
644 2602 745 2698 atqui
769 2601 836 2674 hoc
860 2600 1006 2673 nullum
1029 2613 1107 2673 est:
1128 2626 1185 2673 ae·

102 2714 228 2780 ternus
252 2707 363 2806 igitur
388 2719 440 2779 est
463 2707 607 2780 Deus.»
734 2704 738 2710 ’
925 2712 928 2716 ’

147 2876 242 2974 Ergo
278 2877 514 2972 Xenophanes
555 2899 640 2946 cum
686 2898 763 2944 esso
807 2874 880 2946 sive
924 2879 956 2943 τὸ
990 2872 1022 2943 ὃν
1054 2886 1186 2946 statuat

102 2977 245 3070 Deum,
263 2985 466 3083 ingenitum
485 3007 558 3054 esse
577 2981 817 3071 demonstrat,
838 2980 1010 3077 quoniam
1031 2980 1069 3052 id
1088 2982 1185 3080 quod

23 3091 27 3106 “
102 3083 197 3184 gigni
222 3090 374 3162 dicimus
400 3089 539 3187 generis
559 3087 759 3158 mutatione
783 3097 821 3157 et
840 3085 1079 3160 vicissitudine
1101 3114 1185 3161 cer-

102 3191 223 3286 nitur,
238 3196 424 3293 omnisque
440 3193 641 3267 vicissitudo
657 3205 869 3263 naturarum
882 3190 1086 3264 discrimine
1102 3219 1185 3265 con-

103 3294 265 3394 tinetur,
292 3303 341 3373 ita
367 3315 409 3373 ut
431 3300 579 3373 alteram
606 3299 922 3396 praestantiorem,
950 3297 1098 3371 alteram
1123 3301 1183 3373 de-

103 3407 271 3478 teriorem
306 3432 378 3479 esse
412 3419 598 3504 oporteat,
629 3432 786 3504 quarum
817 3417 954 3476 mutata
983 3405 1184 3476 conditione

104 3505 256 3585 efficitur
290 3513 328 3588 id
361 3513 457 3610 quod
504 3513 599 3584 nasci
622 3525 658 3583 et
694 3512 843 3585 interire
869 3512 1013 3582 dicitur.
1046 3508 1184 3585 Clarius

104 3609 170 3688 hoo
203 3619 349 3715 exponit
377 3617 520 3692 Ocellus
547 3617 734 3709 Lucanus,
763 3620 870 3712 cujus
890 3616 996 3691 verba
1013 3639 1098 3685 cum
1129 3614 1184 3686 his

106 3725 339 3821 comparanda
372 3736 457 3796 sunt
484 3722 506 3760 ¹³
533 3751 541 3794 :
570 3729 637 3821 ssata
664 3751 697 3793 τε
725 3731 917 3819 τὸ-γενέσεως
952 3730 1046 3816 ἀρχὴν
1072 3723 1182 3818 εἰληφὸς

106 3833 153 3895 καὶ
190 3835 348 3911 διαλύσεως
381 3835 488 3930 ὀφεῖλον
518 3850 683 3914 κοινωνῆσαι
726 3832 774 3901 dio
807 3833 968 3932 ἐπιδέχετᾳι
998 3828 1179 3917 μεταβολὰς·

145 4085 211 4166 (13)
229 4089 338 4149 Ocellus
359 4089 429 4148 Luc.
448 4110 476 4170 p.
506 4087 583 4162 506,
612 4109 653 4166 sq.
674 4089 704 4146 in
720 4088 822 4166 Opnso.
842 4082 934 4165 Myth.
955 4083 1000 4145 ed.
1025 4086 1101 4146 Gale.
