2842 4884
529 406 744 449 rursusorms.
1093 414 1097 422 ⁴
1116 394 1180 459 179

99 560 180 650 λέγει
212 564 353 653 εὑρῆσθαι
382 566 464 627 τύπον
497 562 601 647 ἰχθύος
632 563 682 626 καὶ
712 572 833 655 φωνῶν,
858 567 888 629 ἐν
920 562 952 629 δὲ
976 566 1071 656 Πάρῳ
1096 567 1180 634 τύπον

99 668 190 759 ἀφύης
218 669 246 732 ἐν
275 663 324 757 τῷύ
337 665 436 749 βαθεῖ
457 676 502 732 τοῦ
526 667 631 753 latres,
657 672 686 733 et
711 666 743 733 δὲ
770 668 890 758 Μελίτῳ
912 669 1027 744 πλάκας
1049 679 1179 759 συμπάν-

100 797 159 839 των
184 774 376 839 1θοιλοισσίων·
404 783 496 839 ταῦτα
526 772 558 841 δέ
586 798 652 865 φησι
680 776 844 862 γενέσθαι,
869 770 917 841 ὅτε
946 782 1043 843 πάντα
1066 777 1179 855 ἐπηλύ-

101 882 203 958 &aaut
225 880 344 964 ratlac,
366 883 411 947 τὸν
432 876 463 945 δὲ
486 884 569 947 τύπον
595 882 623 945 έν
643 877 685 971 τῷ
708 880 793 970 πήλῳ
817 881 1013 972 lupariam·
1037 891 1183 976 ἀναιρεῖσ-

102 991 160 1055 θαι
190 985 222 1055 δὲ
246 990 305 1062 τοὺς
334 991 501 1080 ἀνθρώπως
527 996 660 1071 πάντᾳς,
685 984 755 1054 ὅταν
785 997 804 1065 ἡ
835 1004 873 1077 γῆ
898 994 1116 1079 κατενεχθεῖσα
1141 998 1182 1066 εἰς

104 1102 156 1175 τὴν
182 1096 342 1162 θάλασσαν
366 1094 453 1172 πηλὸς
474 1101 616 1186 γένηται,
644 1088 705 1159 εἶτα
732 1095 818 1163 πάλιν
847 1090 1003 1186 ἄρχεσθαι
1030 1113 1079 1177 τῆς
1104 1103 1183 1190 γενέ-

104 1223 193 1276 σεως·
235 1204 285 1267 καὶ
319 1212 394 1268 τοῦτο
436 1216 507 1269 πᾶσι
543 1216 598 1276 τοῖς
638 1206 752 1288 stupore
791 1202 928 1290 γίνεσθαι
966 1202 1180 1288 μεταβάλλειν.
1244 1200 1252 1220 ’

107 1329 130 1375 ε(
136 1304 265 1376 Censet
280 1302 448 1376 tellurem
462 1304 613 1376 humore
625 1302 813 1399 paullatim
827 1300 926 1392 solvi,
937 1300 1020 1374 talia
1032 1304 1182 1377 afferens

103 1410 256 1498 indicia,
279 1410 375 1509 quod
397 1413 568 1483 interrae
589 1408 781 1481 visceribus
804 1409 1060 1508 montibusque
1080 1436 1182 1508 repe·
1230 1454 1236 1463 ·
1295 1435 1300 1447 ’

103 1518 246 1597 riantur
275 1516 457 1607 conchae3
490 1528 527 1589 et
555 1515 735 1614 Syracusis
765 1517 805 1586 in
833 1515 1033 1613 lapidicinis
1060 1529 1184 1588 narrat

104 1634 247 1719 reperta
280 1648 353 1694 esse
383 1622 485 1720 piscis
518 1633 554 1693 et
586 1621 783 1719 phocarum
814 1623 988 1721 vestigia,
1016 1625 1057 1694 in
1091 1623 1184 1694 Paro

104 1728 244 1827 aphyae
266 1729 416 1799 formam
435 1729 474 1798 in
497 1728 676 1825 profundo
695 1754 780 1800 saxo
800 1730 1028 1825 impressam,
1047 1731 1086 1801 in
1105 1730 1182 1801 lle-

15 1858 19 1865 ’
99 1834 169 1907 lite
187 1835 350 1904 omnium
375 1835 596 1906 marinorum
619 1860 794 1931 generum
812 1848 947 1907 crustas
965 1864 973 1908 ε
993 1838 1082 1910 haec
1097 1862 1182 1936 ergo

100 1937 288 2038 quondam
316 1940 406 2010 facta
439 1964 510 2011 esse
544 1965 662 2037 quum
689 1943 808 2012 omnia
835 1943 875 2013 in
906 1942 1038 2014 limum
1066 1956 1182 2016 essent

100 2069 293 2135 conversa,
321 2043 451 2117 deinde
476 2046 620 2142 vestigia
643 2047 682 2115 in
708 2046 787 2119 luto
810 2047 979 2120 indurata
1007 2074 1091 2121 esse.
1114 2050 1182 2119 Di-

101 2155 155 2225 cit
177 2176 322 2249 quoque
348 2152 509 2223 homines
535 2160 657 2224 omnes
682 2156 821 2248 perire,
849 2180 966 2253 quum
990 2154 1098 2229 tellus
1115 2156 1181 2229 de-

101 2282 220 2329 mersa
249 2260 286 2328 in
312 2256 434 2329 lutum
456 2270 641 2348 vertatur,
669 2256 801 2331 deinde
825 2285 909 2333 vero
940 2264 1075 2335 renasci
1103 2290 1183 2335 om-

101 2368 190 2457 nia,
223 2378 259 2439 et
283 2366 349 2437 hac
384 2367 627 2439 vicissitudine
657 2368 812 2440 mundos
840 2395 963 2443 omnes
991 2373 1180 2443 mutari.»

102 2474 203 2543 Haec
216 2470 411 2568 Origenes,
435 2475 539 2565 cujus
567 2473 814 2543 testimonium
838 2477 1003 2544 firmatur
1026 2479 1183 2546 auctori-

50 2576 52 2579 ’
103 2590 182 2651 tate
205 2577 410 2667 Plutarchi,
438 2578 503 2675 qui
532 2577 628 2649 idem
660 2575 834 2671 placitum
865 2580 978 2674 tangit
1005 2581 1045 2647 in
1078 2581 1184 2649 Stro-

103 2687 212 2759 malis
234 2685 354 2758 dicens
368 2694 393 2733 ⁹²
418 2712 426 2755 :
449 2692 630 2781 ἀποφαίνεται
655 2684 686 2753 δὲ
708 2690 760 2751 καὶ
778 2685 820 2776 τῷ
836 2693 934 2778 χρόνῳ
951 2692 1182 2779 καταφερομένην

104 2804 160 2878 τὴν
183 2810 235 2887 γῆν
264 2802 303 2871 εἷς
326 2802 376 2875 τήν
401 2795 560 2861 θάλασσαν
582 2810 698 2885 χωρεῖν.
733 2790 881 2861 «Docet
906 2801 1038 2861 terram
1065 2792 1184 2861 conti-

105 2910 239 2973 nenter
251 2908 287 2972 et
302 2896 489 2995 paullatim
507 2897 728 2970 desidentem
746 2894 938 2993 aliquando
955 2894 1182 2969 submersum
1281 2948 1283 2953 ψ

105 3006 165 3078 iri.
178 3034 197 3073 u
227 3005 280 3075 Ita
306 3028 388 3101 ergo
411 3004 646 3101 Xenophanes
673 3003 866 3075 levioribus
892 3002 1031 3074 indiciis
1051 3002 1183 3076 ductus

107 3112 234 3186 eadem
256 3113 329 3205 jam
354 3110 399 3182 de
425 3122 539 3213 terrae
563 3124 646 3183 ortu
667 3120 921 3207 praeceperat,
946 3132 1041 3207 quae
1059 3134 1182 3182 recen-

107 3222 234 3310 tiores,
253 3230 368 3290 terrae
391 3218 521 3293 viscera
543 3216 650 3289 altius
667 3217 894 3315 perscrutati,
913 3218 1115 3290 certissimis
1132 3218 1183 3287 si-

107 3328 188 3427 gnis
212 3328 479 3399 confirmarunt.
501 3325 569 3396 Sed
598 3323 661 3397 ille
687 3324 785 3422 quod
808 3325 847 3394 in
869 3338 964 3397 terra
988 3324 1065 3397 fieri
1086 3323 1181 3396 vide-

109 3438 196 3527 bat,
219 3435 314 3509 idem
336 3435 381 3506 ad
405 3434 513 3505 totius
537 3432 665 3505 mundi
685 3445 854 3504 naturam
881 3431 1027 3523 retulit;
1058 3429 1182 3501 eadem

109 3545 199 3617 ratio
233 3543 386 3615 aliorum
420 3552 583 3613 veterum
613 3540 705 3630 fuit,
734 3565 844 3637 quam
874 3540 988 3635 tangit
1010 3537 1181 3609 Aristote-

78 3739 80 3745 .
109 3650 182 3744 leS,
210 3653 316 3745 cujus
343 3647 449 3722 verba
473 3648 540 3719 hoc
562 3644 735 3743 placitum
763 3647 901 3745 egregie
928 3643 1108 3715 illustrant
1125 3640 1178 3725 ⁹3:

150 3896 215 3981 (92)
236 3894 318 3979 Apud
336 3862 485 3954 Eusebium
502 3892 599 3973 Praep.
619 3892 671 3951 Eu.
696 3892 731 3962 l,
751 3892 780 3952 8.
801 3913 829 3971 p.
849 3892 896 3949 23.

151 4012 216 4092 (93)
237 4010 352 4075 aristot.
377 4007 493 4068 Metcor.
516 4004 548 4079 l,
577 4003 622 4082 14.
649 4027 677 4087 p.
705 4003 766 4082 424
791 4004 871 4062 1101
897 3999 946 4078 μὲν
967 3994 1008 4060 οὖν
1031 3999 1177 4073 βλέποντες

111 4100 155 4160 ixl
175 4095 267 4181 μονρύν
287 4096 375 4159 airr'ar
398 4098 494 4158 οἴονται
513 4101 562 4156 ’τοῖν
579 4093 701 4156 τοιούτων
722 4091 896 4170 παθημάτων
918 4090 965 4160 rtis
983 4102 1032 4152 τοῦ
1049 4086 1107 4155 itta
1129 4116 1180 4167 με·

978 4182 1030 4251 13.
