2842 4884
538 438 752 483 rnuosorrrs.
1117 422 1181 489 tot

108 587 280 662 Similiter
305 589 350 663 de
372 588 483 662 luna:

158 742 284 829 Quor,
309 736 449 835 inquit,
477 747 626 833 nequeat
647 760 779 830 semper
803 749 903 808 oooo'
917 743 1002 808 tuno
1020 744 1139 813 creari
1148 791 1164 829 ,

157 845 292 915 Ordine
314 849 509 939 formarum
534 852 625 913 certo
644 844 814 939 certisque
828 844 985 942 figuris,

151 950 363 1045 Inquedics
382 958 501 1043 privos
526 949 678 1022 aborisci
703 973 857 1047 quosque
882 962 1009 1023 creato.

151 1100 370 1193 Hujusmodi
393 1126 476 1199 ergo
500 1099 733 1196 Xenophenis
760 1098 807 1173 de
831 1110 1006 1177 astrorum
1029 1114 1114 1177 ortu
1141 1115 1179 1181 et

101 1229 231 1279 occasu
265 1207 371 1283 fuisse
397 1208 544 1279 videtur
575 1206 698 1302 opinio
728 1232 737 1277 :
767 1204 865 1301 qnod
899 1218 1022 1281 autem
1054 1232 1181 1287 eornm

102 1310 227 1389 lucem
245 1313 473 1413 interstingui
490 1315 601 1400 dixit,
621 1338 694 1386 non
711 1312 760 1387 ite
777 1310 1056 1409 intelligendum
1078 1318 1180 1411 quasi

102 1418 180 1517 ipsa
205 1445 348 1518 prorsus
367 1444 575 1495 evanescere
593 1416 748 1494 voluerit
767 1429 804 1491 et
816 1417 948 1509 deleri,
961 1418 1023 1492 sed
1039 1422 1178 1517 potius,

101 1540 147 1601 ut
166 1542 332 1603 veterum
354 1527 616 1624 comparatione
639 1538 745 1616 utar,
770 1524 885 1602 veluti
905 1524 1102 1600 carbonum
1118 1552 1178 1599 ex·

100 1633 231 1706 stincto
259 1634 438 1719 candore,
464 1632 512 1703 sic
544 1630 675 1709 horum
700 1629 783 1706 luce
810 1631 1005 1729 dissipate,
1035 1656 1180 1729 corpore

100 1754 226 1819 tamen
254 1754 291 1815 et
315 1741 435 1837 globos
461 1740 643 1837 relinqui,
673 1766 769 1837 qune
793 1766 885 1815 nova
909 1742 1078 1840 deinceps
1096 1742 1181 1819 luce

35 1876 38 1885 ·
99 1847 252 1919 accendi
277 1848 450 1943 novisque
475 1846 580 1919 radiis
602 1844 775 1919 illustrari
800 1860 949 1942 queunt.

153 1952 247 2028 Cum
271 1952 338 2025 hoc
367 1950 495 2049 placito
527 1950 629 2025 facile
652 1950 864 2041 concilietur
888 1953 986 2048 quod
1007 1953 1178 2029 Stobaenr

100 2055 239 2154 aliique
255 2056 416 2143 tradunt,
435 2056 690 2157 Xenophanem
713 2055 846 2133 multos
870 2069 981 2154 etque
1009 2058 1096 2133 adeo
1118 2060 1178 2134 in-

101 2163 221 2235 finitos
251 2162 412 2235 statuisse
436 2158 526 2241 soles
550 2174 588 2232 et
615 2159 747 2251 lunas,
776 2187 841 2259 pro
869 2165 973 2240 variis
999 2176 1177 2241 terrarum

102 2269 308 2367 regionibus
340 2267 516 2365 variisque
552 2268 648 2341 zonis
675 2266 710 2340 ⁶⁰.
746 2268 854 2362 Quod
882 2272 911 2343 si
937 2271 1183 2370 intelligemur

101 2376 191 2449 soles
219 2375 396 2472 lunasque
427 2400 580 2447 numero
607 2368 809 2472 complures
835 2388 900 2449 eut
927 2378 1107 2467 infinitos,
1134 2386 1203 2453 ut'

101 2481 267 2579 plerique
280 2484 578 2577 interpretantur,
592 2482 719 2553 merito
731 2481 883 2558 absurda
896 2481 1071 2555 habentur
1083 2485 1170 2559 llaec
1202 2534 1205 2543 ·

102 2590 244 2686 opinio,
268 2613 382 2685 eoque
417 2588 554 2684 magis,
588 2586 686 2684 quod
721 2587 797 2660 aliis
822 2586 907 2659 loeis
929 2613 1048 2661 unum
1073 2590 1177 2662 modo

102 2696 215 2769 solem
230 2719 414 2791 unamque
431 2692 556 2765 lunam
574 2693 738 2790 agnoscit.
753 2694 859 2790 Magis
880 2705 933 2765 est
949 2693 1176 2789 Xenophanis

101 2802 217 2873 menti
239 2810 516 2873 consentaneum
537 2796 625 2871 soles
649 2797 825 2895 lunasque
842 2796 1042 2896 intelligere
1070 2824 1176 2871 reno·

99 2918 199 2981 vates
230 2905 310 2979 solis
352 2904 535 3003 lunaeque
561 2904 712 2995 formes,
737 2905 874 3001 quippe
901 2929 992 3000 quos
1016 2905 1175 3002 qnotidie

102 3036 193 3087 nove
221 3010 490 3102 Innotescendi,
513 3008 571 3084 vel
594 3022 637 3083 ut
663 3010 850 3085 Lueretius
868 3011 941 3100 uit,
969 3034 1064 3085 novo
1084 3037 1175 3087 seno-

103 3145 169 3218 per
196 3119 333 3191 lumine
364 3119 460 3217 gigni
477 3116 716 3189 arbitrabatur
726 3125 743 3209 3'
758 3117 971 3215 eosdemque
991 3144 1055 3216 pro
1086 3120 1174 3193 coeli

103 3240 353 3321 terrarumque
389 3225 589 3297 diversitate
613 3224 717 3295 modo
741 3223 958 3297 ardentiores
977 3224 1080 3297 modo
1098 3223 1174 3297 len-

103 3332 279 3431 grlidiores
309 3342 447 3427 putasse
479 3329 661 3429 probabile
694 3342 756 3403 est.
788 3331 880 3403 Cum
907 3357 977 3428 qtn
999 3334 1174 3405 sententis

54 3440 57 3445 ’
104 3440 269 3512 convenit
295 3437 401 3509 etiam
420 3437 617 3507 eommunis
639 3435 810 3532 loquendi
831 3462 916 3508 usus
947 3439 1019 3509 :sie
1039 3438 1173 3527 Latini,

104 3552 228 3643 poetae
258 3545 488 3643 praesertim?
515 3551 600 3641 soles
618 3542 801 3639 appellant
824 3544 975 3617 diverses
996 3557 1174 3615 terrarum

145 3772 208 3853 (60)
230 3771 361 3832 sinaeus
379 3774 411 3845 1,
437 3770 485 3831 αθ.
506 3794 535 3857 p.
550 3771 609 3849 534
630 3798 637 3831 2
662 3771 753 3845 zoco.
780 3730 983 3830 menon
1011 3767 1100 3835 ostiu
1125 3773 1173 3833 „n

107 3860 221 3931 otuinus
243 3863 316 3926 nerei
334 3860 371 3923 roi
386 3860 513 3940 κλίματι
538 3867 588 3924 ris
608 3874 660 3935 γῆς
682 3865 727 3924 zai
748 3860 892 3936 incoeperis
913 3864 959 3920 zai
979 3858 1074 3936 ζόας.
1092 3884 1174 3940 quem

106 3950 194 4011 losum
205 3974 287 4034 supra
299 3975 327 4034 p.
342 3952 398 4033 159
411 3952 498 4031 attigi.
513 3953 654 4013 Plutarch.
672 3954 743 4035 plac.
759 3951 827 4031 phil.
848 3951 894 4021 ΙΙ,
912 3950 959 4029 24.
971 3950 1069 4041 Gelon.
1089 3952 1171 4017 xlv.

108 4042 240 4123 Origenes
259 4044 278 4103 l.
295 4044 316 4103 l.
336 4042 457 4126 nosipsos
480 4040 568 4111 cinicus
592 4042 653 4104 siret
674 4042 720 4104 eoi
742 4039 869 4108 rtot'taef·
942 4110 945 4117 ,
