2842 4884
509 416 723 460 curiosorum.
988 363 991 367 A
1099 394 1162 457 193

10 578 11 581 ’
77 560 157 631 deri
189 582 276 633 eum
304 574 345 653 μὴ
377 580 473 635 πᾶσαν
504 570 667 657 κατάληψιν
698 576 849 661 ἀναιρεῖν,
882 569 958 635 ἀλλὰ
985 571 1035 647 τὴν
1056 566 1163 649 ἰ’πιςη·

10 684 11 743 ξ
78 676 201 757 μονικήν
230 694 261 735 τε
289 675 338 735 καὶ
359 672 558 757 ἀδιάπτωτον,
592 674 753 741 ἀπολείπειν
782 671 814 740 δὲ
841 681 891 753 τὴν
921 672 1059 754 deiectio·
1090 686 1165 741 τοῦτο

77 780 137 867 γὰρ
163 780 295 871 ἐμφαίνει
320 780 351 844 τὸ
375 772 537 853 δόκοςο*
567 784 629 847 ἐπὶ
653 794 759 847 πᾶσι
785 786 991 846 τέτυκται·
1018 776 1079 861 ‹tt-e
1102 808 1165 873 κρι-

10 908 11 913 *
77 890 174 973 τήριον
208 887 364 975 γίγνεσθαι
390 891 466 951 κατὰ
487 896 577 953 τοῦτον
601 889 647 952 τὸν
665 885 787 965 δοξαςὸν
823 887 927 976 λόγον,
952 880 1020 953 τοῦτ’
1037 892 1098 955 ἐστὶ
1119 890 1166 953 τὸν

10 1012 11 1017 “
78 996 123 1053 τοῦ
150 991 280 1073 εἰκότος,
310 990 387 1058 ἀλλὰ
412 998 453 1079 μὴ
478 993 524 1057 τὸν
537 1002 595 1076 ,τοῦ
619 997 721 1082 raptor
748 993 880 1078 ἐχόμενον
902 986 965 1081 (h.
992 1015 1023 1062 e.
1040 995 1093 1087 Δτᾶν
1117 1006 1166 1070 τῆς

81 1094 232 1171 ἀληθείας
249 1090 274 1187 ).
302 1093 381 1189 Ipsa
410 1095 556 1165 nomina
581 1097 767 1183 κατάληψις,
792 1099 870 1163 veri
893 1101 1167 1187 comprehensae,

80 1206 240 1293 κριτήριον,
253 1202 332 1292 λόγος
344 1202 462 1283 δοξαςὸς
475 1212 512 1272 et
536 1204 744 1290 ἐπιςημονικὸς,
769 1222 865 1296 quae
882 1197 1005 1269 Stoicis
1025 1212 1063 1269 et
1081 1200 1170 1273 Aca·

81 1300 234 1375 demicis
258 1304 451 1397 debentur,
476 1306 556 1395 satis
569 1315 728 1401 arguunt
743 1304 948 1376 recentioris
962 1306 1041 1378 aevi
1060 1307 1170 1377 notio

82 1432 169 1501 nes,
191 1432 279 1506 quas
293 1488 295 1495 ,
309 1404 356 1483 ne
372 1409 618 1509 suspicabatur
639 1409 788 1505 quidem
813 1408 1040 1505 Xenophanis
1054 1422 1169 1483 aetas.

83 1512 193 1587 Idem
212 1514 407 1589 dicendum
426 1517 471 1588 de
485 1540 538 1607 eo,
555 1514 653 1612 quod
674 1513 844 1587 nonnulli
861 1514 948 1586 huic
959 1513 1172 1608 tribuerunt

83 1630 136 1703 τὴν
169 1626 408 1714 ἀκαταληψίαν,
450 1627 545 1693 nitet
569 1646 670 1715 porse
700 1620 944 1714 comprehendi
982 1620 1055 1695 sive
1096 1647 1173 1715 oop-

82 1733 187 1799 nocoe'
204 1725 238 1818 ¹⁸,
257 1738 294 1799 et
308 1728 506 1825 principem
523 1753 610 1801 eum
625 1720 796 1799 dixerunt
813 1727 1069 1824 Scepticorum.
1084 1728 1174 1797 Nam
1288 1747 1292 1752 ·
1357 1824 1361 1832 l

83 1832 255 1928 quamvis
291 1833 336 1904 de
366 1832 531 1905 omnibus
555 1834 662 1904 etiam
699 1832 808 1904 rebus
831 1832 943 1930 (quod
979 1858 1054 1902 non
1068 1832 1175 1929 fecit)

80 1937 305 2030 dubitasset,
331 1962 404 2010 non
424 1939 504 2011 ideo
521 1941 694 2035 scepticus
709 1950 825 2035 posset
841 1937 988 2030 baberi3
1015 1939 1082 2034 nisi
1108 1939 1176 2010 for-

86 2058 183 2117 tasse
195 2045 282 2137 etis,
297 2046 360 2141 qui
373 2046 510 2142 primus
525 2070 627 2115 suam
644 2044 803 2141 aliquam
817 2045 863 2117 de
880 2044 1002 2119 divino
1024 2047 1176 2119 numine

88 2150 151 2225 vel
186 2148 231 2221 de
265 2174 388 2222 rerum
428 2148 563 2247 origine
579 2168 581 2173 ·
596 2150 810 2221 sententiam
838 2150 999 2244 dixerit,
1043 2151 1176 2225 theolo—

90 2282 159 2355 gus
169 2253 229 2331 vel
237 2254 401 2352 physicus
414 2252 599 2327 habendus
608 2256 663 2325 sit.
678 2254 927 2350 Scepticismus
939 2282 1012 2328 non
1025 2269 1078 2330 est
1095 2258 1177 2331 sim-

91 2362 237 2461 pliciter
263 2360 465 2449 dubitatio,
491 2359 553 2433 sed
586 2372 682 2432 certa
711 2360 902 2433 dubitandi
926 2364 1079 2436 ratioet
1104 2363 1178 2436 dis-

93 2468 229 2567 ciplina
240 2520 252 2557 ,
267 2490 361 2564 quae
386 2464 522 2563 aliquot
546 2464 694 2538 demum
715 2467 891 2537 aetatibus
914 2479 992 2562 post
1017 2480 1092 2539 orta
1114 2480 1177 2541 est.
1227 2541 1232 2557 ,

95 2576 167 2649 Sed
187 2585 271 2646 nata
296 2585 348 2645 est
366 2572 455 2643 haec
471 2570 591 2668 opinio
615 2596 660 2642 ex
683 2595 736 2670 eo⁵
751 2571 975 2668 praesertim,
1000 2572 1097 2668 quod
1114 2574 1180 2646 ista
1264 2638 1267 2643 .

97 2681 308 2783 cognitionis
335 2678 509 2751 dubitatio
533 2687 610 2775 post
627 2676 895 2773 ¹Xenophanem
920 2678 1029 2777 magis
1054 2681 1179 2776 magis.

10 2862 11 2865 ,
100 2813 177 2887 que
203 2784 380 2877 invaluit,
406 2783 600 2882 praecipue
624 2782 719 2854 inter
747 2782 961 2880 Megaricos,
986 2783 1051 2881 qui
1077 2783 1181 2857 Elea-

10 2918 11 2923 *
99 2896 179 2969 ticis
192 2893 331 2990 cognati
344 2904 453 2988 atque
468 2889 555 2962 adeo
569 2888 679 2962 iidem
697 2888 810 2961 babiti
825 2901 911 2962 sunt
925 2900 969 2979 ¹⁹,
993 2902 1031 2963 et
1050 2890 1182 2964 horum

10 3070 14 3080 .
101 3024 315 3076 successores
340 2998 593 3097 Pyrrhonicos,
621 2998 686 3094 qui
718 2994 901 3095 Pyrrhone
924 3008 1069 3071 auctore
1093 2998 1182 3071 item

10 3154 11 3187 ,
101 3108 211 3182 Eleae
240 3107 450 3205 scepticismi
478 3108 645 3200 jecerunt
680 3104 925 3176 fundamenta.
962 3104 1044 3197 Quo
1081 3105 1183 3179 facile

102 3213 239 3287 factum
265 3224 339 3301 est,
365 3224 408 3283 ut
434 3211 565 3287 horum
598 3210 774 3282 rationem
800 3209 978 3281 etiamad
1005 3209 1182 3309 antiquio-

10 3578 11 3581 ,
149 3503 213 3583 (ιὸ)
234 3504 388 3585 Origenes,
403 3503 423 3563 l.
439 3504 457 3562 l.
474 3502 589 3563 laudans
608 3504 665 3584 ejus
688 3502 797 3562 dictum
827 3492 902 3582 qnod
928 3503 1087 3577 attulimus,
1109 3496 1185 3562 οὗτοι
1270 3558 1277 3567 ,

10 3620 11 3685 ζ
110 3591 162 3667 ἔφη
184 3604 305 3676 πριῖτιε,
327 3592 527 3669 iracundias
553 3589 614 3653 εἶναι
637 3592 751 3653 neiron».
773 3592 872 3653 Sextus
892 3592 997 3673 Empir.
1021 3610 1103 3671 supra
1126 3612 1186 3651 me·

10 3710 11 3779 3
108 3696 249 3759 moratus,
268 3685 343 3758 Vll,
366 3684 414 3744 52.

152 3821 216 3903 (19)
238 3820 305 3883 vid.
326 3820 406 3901 Diog.
424 3822 456 3879 L.
478 3820 526 3895 ll,
544 3819 607 3881 106.
621 3821 730 3882 Cicero.
745 3823 857 3896 Quaest.
869 3794 964 3879 'dead
984 3819 1040 3893 lv,
1061 3817 1111 3895 42.
1127 3820 1187 3881 Me·

10 3894 12 3905 i
111 3911 266 3989 ga'rioorum
292 3911 432 3993 principes
453 3908 522 3969 dicit
549 3908 772 3993 Xenophanem,
797 3906 988 3979 Parmeniden
998 3952 1008 3984 ,
1028 3908 1186 3984 Zenonem,

10 4000 11 4037 ³
116 4001 281 4081 eosdemque
298 4003 446 4063 Eleaticos.
460 4001 504 4061 ef.
521 4001 663 4083 Spalding.
680 4004 866 4061 Commentar.
885 4000 915 4056 in
935 3998 1059 4059 libellum
1079 3999 1113 4060 de
1128 4000 1188 4060 Xe-

10 4116 11 4119 *
114 4090 197 4171 noph.
219 4090 287 4151 Zeu.
307 4104 335 4150 et
354 4092 442 4171 Gorg.
462 4112 492 4171 p.
514 4093 531 4150 3
561 4112 600 4167 sq.
