2842 4884
257 789 630 866 moinonis
685 791 1005 891 nnuomns.

610 1083 638 1148 1.

192 1259 245 1337 Εἷς
268 1263 337 1337 θεὸς
363 1257 395 1328 ἔν
420 1285 452 1328 τε
474 1263 567 1328 θεοῖσι
588 1263 637 1329 καὶ
663 1265 842 1357 ἀνθρώποισι
867 1269 1001 1358 μέγιςος,
1067 1278 1071 1291 ’

195 1365 259 1436 οὔτε
279 1367 368 1458 δέμας
390 1370 538 1446 θνητοῖσιν
555 1373 657 1458 ὁμοίῖος
675 1365 740 1438 οὔτε
764 1377 869 1460 νόημα.

93 1601 232 1676 Laudat
249 1601 311 1674 hos
333 1601 454 1678 versus
469 1599 635 1674 Clemens
650 1599 756 1674 Alex.
777 1602 907 1674 Strom.
926 1603 975 1696 V,
996 1629 1031 1702 p.
1048 1601 1116 1676 601
1137 1604 1176 1676 C.

93 1724 135 1784 et.
151 1737 196 1784 ex
216 1737 258 1783 eo
275 1709 452 1783 Eusebius
471 1708 636 1805 Praepar.
659 1709 729 1782 Eu.
753 1708 858 1781 XIII.
887 1708 955 1801 13,
979 1737 1015 1808 p.
1038 1710 1113 1810 678
1133 1712 1177 1794 D.

94 1844 143 1892 vs.
166 1845 200 1890 ν.
217 1817 366 1890 οὔτε-οὕτε
389 1816 538 1913 praehet
558 1816 603 1886 H.
625 1815 686 1886 Me.
703 1827 748 1887 ut
765 1827 865 1888 notat
885 1816 1056 1917 Sylhurg3
1077 1843 1179 1916 prae·

93 1925 248 1999 tulimus
269 1926 336 1997 hoc
361 1923 503 2022 vulgari
528 1921 674 1996 lectioni
699 1923 852 1999 οὔτι-οὑδὲ.

142 2033 274 2105 Probat
307 2032 362 2104 his
392 2030 554 2105 versibus
585 2030 753 2102 Clemens
786 2031 1054 2130 Xenophanem
1091 2060 1181 2108 cen-

93 2141 223 2232 suisse,
235 2140 279 2210 ἕτι
293 2141 333 2218 εἷς
354 2145 405 2210 καὶ
421 2148 572 2232 ἀσώματος
585 2148 599 2208 ὁ
611 2145 691 2217 θεός.
709 2138 934 2212 Sententiam
949 2142 1029 2234 ejus
1044 2139 1090 2215 de
1105 2142 1182 2215 Deo

93 2247 188 2318 infra
206 2271 438 2344 exponemus.
459 2246 553 2317 Cum
578 2245 633 2317 his
664 2246 821 2318 conferri
845 2261 995 2344 possunt
1018 2274 1112 2347 quae
1140 2251 1181 2320 in

92 2352 284 2451 Orpheis,
309 2354 383 2428 sive
406 2352 595 2450 Orpheum
620 2351 682 2424 illa
713 2355 788 2430 sive
811 2355 1086 2427 Onomacritum
1114 2356 1185 2428 ha-

91 2461 243 2536 buerint
261 2473 462 2554 auctorem,
487 2461 758 2558 praedicantur,
786 2461 929 2535 laudata
952 2489 973 2534 a
999 2462 1124 2535 Proclo
1141 2463 1180 2536 in

93 2571 283 2643 Timaeum
299 2569 358 2661 ΙΙ,
384 2595 420 2668 p.
452 2567 531 2669 ¹37·
558 2569 614 2642 ed.
639 2568 745 2642 Basil.

134 2720 194 2786 Ἓν
217 2727 340 2814 κράτος,
357 2717 398 2794 εἷς
408 2717 518 2808 δαίμων
530 2723 646 2812 γένετο,
663 2701 756 2810 μένας
774 2721 862 2812 ἀρχὸς
882 2726 1029 2788 ἁπάντων.

95 2875 132 2938 et
150 2861 251 2956 alibi3
280 2859 352 2933 vid.
381 2859 536 2958 Orphica
561 2859 762 2934 Hermanni
785 2860 829 2932 fr.
858 2858 930 2955 vl,
956 2859 1010 2935 16.
1030 2890 1066 2962 p.
1087 2861 1180 2964 457,

94 2973 184 3046 item
198 2971 242 3044 fr.
256 2970 331 3062 IV,
357 2994 393 3067 p.
421 2965 505 3062 455.

622 3165 665 3228 II.

245 3328 341 3412 Οὖλος
361 3329 418 3427 ὁρᾷ
429 3384 439 3422 ,
455 3325 534 3410 οὖλος
556 3331 589 3400 δὲ
610 3347 688 3420 νοεῖ,
705 3324 783 3408 οὖλος
802 3329 836 3399 δέ
859 3322 882 3398 τ’
903 3333 1007 3399 ἀκούει.

96 3530 251 3607 Versum
281 3528 381 3604 huno
409 3556 483 3602 non
513 3532 697 3603 nominato
718 3541 864 3602 auctore
892 3528 1186 3627 profert'Sextus

96 3630 236 3740 Empir.
265 3639 343 3715 adv.
365 3637 541 3744 ⁴Mathem.
565 3636 645 3730 IX,
663 3649 746 3709 sect.
772 3635 855 3728 144.
873 3659 1033 3733 eumque
1054 3632 1183 3706 Xeno-

494 3843 813 3867 *ια-ι·-

96 3957 121 4016 1.
163 3953 246 4016 Unus
266 3965 307 4014 est
328 3951 404 4012 Deus
424 3925 567 4028 Dehnique
585 3950 785 4026 hominumque
805 3946 950 4026 princeps,

168 4065 220 4105 nec
240 4063 359 4126 corpore
378 4041 542 4102 mortalibus
564 4062 617 4100 nee
636 4051 729 4101 mente
749 4036 855 4097 similis.
878 4113 882 4121 Ι

96 4156 136 4219 ΙΙ.
167 4159 262 4219 Totus
280 4155 359 4217 videt
378 4165 508 4234 totusque
526 4152 659 4234 intelligit
678 4163 809 4228 torusque
828 4145 918 4208 audit.

994 4201 1059 4314 ν’
