2842 4884
269 414 314 481 76
652 393 654 397 ’
719 435 913 482 xmormms

269 584 426 683 phanem
439 583 663 680 conjunxisse
675 589 803 682 κεφαλάς
814 580 838 654 τ’
848 595 958 683 ἀρνῶν,
972 590 1067 665 κωλάς
1079 580 1104 655 τ’
1118 586 1239 683 ἐρίφων,
1252 587 1347 684 apud

270 691 502 764 Athenaeum
522 690 558 762 h.
584 689 609 762 l.
627 692 670 765 cl.
685 691 817 764 ⁴Schol.
838 691 1020 790 Aristoph.
1047 691 1088 765 in
1117 691 1214 764 Plut.
1244 718 1345 790 1129.

270 796 471 871 Hemsterh.
486 796 572 869 ibid.
587 823 622 894 p.
652 796 728 889 426
740 823 815 896 sqq.
838 799 974 871 Contra
996 803 1065 888 βὼς
1078 803 1194 895 λαρινὸς
1208 800 1347 896 proprie

216 929 217 932 ’
271 906 330 976 bos
342 909 525 998 supinatus
538 915 574 976 et
597 905 739 984 delicati
763 913 919 1002 corporis
940 906 1097 997 dicitur,
1120 904 1220 977 uude
1243 906 1349 977 etiam

269 1013 337 1096 βοῦς
360 1015 518 1107 λαρινεὺειν
541 1010 634 1082 dixit
658 1011 822 1109 Sophron
842 1012 941 1088 trid.
969 1013 1200 1086 Athenaeum
1221 1011 1291 1104 IX,
1314 1035 1346 1108 p.

271 1115 360 1216 376,
396 1119 437 1190 B.
472 1118 668 1201 Casaubon.
698 1119 746 1192 ad
784 1120 821 1192 h.
849 1119 874 1192 l.
902 1147 940 1219 p.
967 1119 1052 1194 650.
1078 1118 1273 1192 Schneider
1312 1119 1350 1189 in

269 1225 353 1299 Lex.
368 1253 402 1302 v.
416 1230 542 1324 λαρινός.
556 1227 649 1300 Hinc
659 1231 735 1323 jam
756 1227 850 1302 illud
869 1230 967 1328 quod
979 1230 1081 1320 dicit,
1097 1229 1196 1300 hoedi
1200 1252 1349 1323 pernam

265 1336 395 1430 pinqui
418 1338 513 1408 bovis
536 1362 640 1409 crure
663 1351 891 1433 permutare,
919 1337 1008 1438 quid
1035 1337 1208 1436 significet
1234 1333 1349 1433 colligi

269 1452 396 1538 potest.
437 1442 591 1516 Videtur
628 1445 727 1518 enim
759 1445 885 1520 festivo
920 1456 960 1518 et
999 1441 1166 1542 populari
1195 1441 1348 1541 quodam

269 1547 375 1619 modo
404 1547 543 1621 dictum
568 1575 641 1623 esse
665 1552 706 1622 in
742 1549 924 1650 aliquem,
964 1553 1030 1649 qui
1067 1575 1140 1620 non
1164 1561 1207 1621 ut
1236 1547 1348 1620 bonus

269 1653 332 1728 ille
358 1654 519 1729 Glaucus
535 1664 648 1755 χρύσεα
671 1663 818 1752 χαλκείων
836 1669 1128 1756 permutaverat,
1153 1654 1214 1730 sed
1230 1644 1349 1728 contra

269 1766 388 1853 χάλκεα
421 1763 636 1853 donaverat,
666 1772 779 1863 χρύσεα
811 1779 1005 1864 receperat.
1044 1762 1160 1836 Simili
1197 1756 1348 1861 quadam

271 1871 550 1966 comparatione,
577 1872 688 1969 magis
721 1885 845 1945 tamen
873 1873 1027 1946 rusticae
1057 1871 1153 1945 ritae
1187 1867 1346 1968 propria,

271 1975 390 2048 utitur
412 1976 619 2049 Theocritus
645 1977 715 2050 Id..
730 1979 784 2071 V,
814 1977 887 2050 26:

369 2164 411 2232 τίς
434 2165 539 2252 τρίχας
564 2149 635 2224 ἀντ’.
647 2162 729 2252 ἐρίων
749 2159 922 2246 masclam,
947 2167 989 2234 τίς
1010 2159 1066 2245 δὲ,
1092 2160 1240 2254 παρεὺσας

369 2268 451 2357 αἰγὸς
470 2272 671 2359 πρωτοτόκοιο,
696 2271 794 2336 κακὰν
815 2269 889 2334 κύνα
909 2259 1004 2344 da'lter'
1029 2269 1192 2360 ἀμελγεινς

275 2447 364 2536 Quis
382 2442 473 2536 pilos
495 2470 562 2538 pro
586 2450 668 2530 lona
695 2443 864 2515 tondeat?
893 2450 1006 2538 Quis,
1030 2450 1092 2516 oui
1107 2469 1199 2539 aquo
1213 2445 1348 2537 primi-

266 2576 359 2647 para
383 2550 499 2642 adsit,
527 2558 651 2621 molam
677 2577 796 2622 canem
821 2551 1006 2646 mulqeat?
1034 2553 1109 2643 Hoc
1140 2562 1265 2624 autem
1288 2548 1349 2620 lac-

103 2646 109 2652 *
199 2685 202 2714 t
271 2669 368 2748 tum,
395 2661 501 2752 cujus
519 2655 666 2730 laudem
692 2668 766 2728 tam
795 2658 920 2732 festive
947 2657 1103 2750 extollit,
1129 2684 1202 2757 quo
1218 2661 1350 2753 spectet

272 2776 337 2837 aut
353 2764 398 2836 ad
411 2791 520 2862 quem
533 2764 719 2837 hominem
744 2767 940 2864 pertineat,
959 2792 1032 2837 non
1054 2777 1168 2863 patet,
1186 2775 1223 2838 et
1242 2785 1349 2860 quae·

271 2897 352 2944 rere
374 2870 500 2943 nolim.
528 2871 867 2970 Schweighliuserus
886 2897 959 2970 qua
987 2873 1127 2945 ratione
1156 2872 1202 2944 de
1226 2868 1350 2968 Ulysse

234 3073 237 3080 ,
272 2977 394 3075 Odyss.
419 3009 457 3070 v,
483 3002 570 3076 299,
593 2978 652 3051 hic
675 2981 836 3076 potuerit
859 2980 1011 3078 cogitare
1040 3005 1113 3050 non
1138 2977 1252 3052 video.

320 3126 370 3173 vs.
403 3128 432 3172 1.
456 3101 801 3198 dmassasaubonus
815 3116 852 3176 et
875 3103 1208 3202 schweighauserus
1224 3100 1349 3203 legunt

270 3207 359 3303 ᾔραα;
383 3207 444 3279 sed
460 3207 544 3279 libri
568 3209 699 3282 rectius
721 3211 816 3308 ἦραν,
844 3209 943 3307 quod
965 3209 1118 3282 ductum
1140 3221 1193 3282 est
1217 3236 1287 3281 non
1309 3208 1349 3280 ab

270 3323 397 3420 ἔραμαι,
416 3323 477 3394 sed
503 3322 548 3393 ab
573 3331 688 3421 alpert,
717 3337 770 3399 est
784 3325 883 3398 enim
905 3325 1110 3422 oppositum
1123 3325 1234 3403 verbo
1254 3322 1348 3424 quod

272 3456 356 3504 mox
370 3431 536 3528 sequitur
558 3440 690 3524 πέμπειν.

320 3619 370 3670 VS.
397 3593 437 3682 3,
450 3597 594 3692 ἀφιξεται,
613 3594 736 3668 malim
754 3601 889 3697 ἐφίξεται.
914 3639 964 3652 -·-
985 3622 1034 3673 vs.
1059 3595 1093 3688 4
1108 3600 1268 3669 illudam.
1284 3597 1349 3668 (ia-

273 3701 454 3775 saubonus
478 3702 632 3774 correxit
652 3706 835 3799 ὲλλαδικῶν,
858 3705 955 3804 quod
980 3704 1164 3804 Epitomes
1189 3705 1266 3780 cod.
1286 3705 1349 3778 ha·

272 3812 335 3885 bet
360 3812 653 3911 superscriptum.
