2842 4884
494 425 569 468 tura
592 425 631 468 ur
653 427 777 468 saunis.
1140 403 1181 466 13

98 603 210 676 quam
236 577 473 653 Phocaeenses
505 579 588 678 Cyri
621 577 903 652 dominationem
932 579 1112 678 fugientes
1141 579 1182 651 in

97 683 237 756 Italiam
258 711 295 758 se
317 688 551 784 recepissent,
577 685 702 783 ibique
724 685 900 758 coloniam
928 699 1048 783 postea
1078 685 1181 768 Ὑελην

96 791 171 864 sive
188 797 324 865 Veliam
335 791 550 891 appellatam
568 793 825 883 condidissent,
842 792 1079 890 Xenophanes
1092 819 1179 889 pro-

97 899 232 970 vectior
249 902 322 993 jam
343 912 457 973 aetate
475 899 601 972 eodem
620 899 785 998 migrasse
803 911 841 970 et
859 897 951 970 hanc
971 897 1043 970 sihi
1061 899 1181 972 sedem

99 1004 273 1105 delegisse
299 1008 452 1080 videtur.

147 1114 364 1208 Hujusmodi
385 1117 468 1211 ejus
491 1114 583 1190 vitae
607 1113 696 1184 ratio
717 1113 804 1204 fuit,
830 1137 925 1210 quae
949 1110 1083 1184 multas
1098 1138 1182 1185 sane

96 1219 133 1291 ei
155 1220 359 1316 praebuisse
376 1221 521 1295 videtur
541 1232 615 1291 tam
639 1220 775 1318 ingenii
800 1218 953 1292 acuendi
971 1244 1082 1316 quam
1097 1220 1185 1297 doc.-

96 1327 219 1399 trinae
249 1327 508 1425 comparandae
541 1328 856 1425 opportunitates,
890 1352 1047 1423 quarum
1079 1327 1181 1422 copia

96 1437 178 1529 ejus
203 1447 318 1508 aetate
344 1435 442 1508 haud
472 1435 597 1508 defuit.
629 1434 846 1507 Adolescens
874 1434 972 1506 enim
1000 1458 1117 1530 quum
1142 1433 1183 1504 in

96 1543 198 1614 Ionia
228 1539 452 1634 versaretur,
488 1544 629 1642 vigebat
658 1544 778 1614 Ionica
809 1540 1061 1639 Philosophia,
1093 1567 1184 1614 auc-

96 1661 176 1722 tore
203 1649 493 1742 Anaximandro,
522 1651 722 1749 provectior
746 1660 869 1720 autem
896 1660 1011 1720 aetate
1038 1673 1123 1720 cum
1145 1649 1186 1719 in

95 1755 239 1828 Italiam
267 1759 441 1848 venisset,
469 1758 521 1829 ibi
549 1770 692 1854 praeter
715 1768 851 1829 ceteros
881 1755 1062 1828 doetrinae
1091 1757 1184 1827 fama

96 1878 137 1938 et
158 1869 369 1944 auctoritate
389 1867 539 1940 florebat
562 1866 799 1966 Pythagoras,
827 1869 933 1961 cujus
960 1864 1184 1962 disciplinam

95 1976 172 2068 jam
198 1985 277 2046 tum
310 1975 507 2047 innotuisse
538 1973 724 2071 probabile
750 1984 820 2046 est.
845 1971 974 2070 Itaque
997 1971 1082 2044 licet
1104 1998 1184 2049 ma-

80 2081 223 2178 'gistros
244 2084 322 2175 ejus
345 2083 571 2182 ignoremus,
599 2105 674 2151 non
701 2091 823 2151 tamen
850 2082 902 2151 e'st
923 2072 1100 2170 dubium,
1130 2079 1186 2152 his

98 2211 187 2258 eum
222 2187 552 2284 opportunitatibus
588 2187 759 2280 adjutum
794 2185 838 2256 ad
873 2197 1008 2255 tantam
1043 2168 1081 2257 se
1115 2211 1183 2258 ‚ex-

98 2291 223 2364 tulisse
245 2297 514 2392 praestantiam,
539 2307 581 2366 ut
610 2294 770 2366 doctrina
793 2304 830 2364 et
852 2293 1064 2363 auctoritate
1081 2292 1186 2389 prin-

98 2399 239 2496 cipibus
259 2401 426 2493 Hesiodo,
441 2401 680 2499 Pythagorae,
704 2398 901 2489 Hecataeo,
926 2410 1186 2470 annumeratus
1267 2459 1270 2463 ,

97 2508 145 2580 sit
163 2507 197 2579 ²⁴.
233 2511 349 2581 Senex
380 2521 501 2582 autem
529 2508 653 2582 Veliae
670 2507 892 2604 'praesertim
921 2507 1055 2604 degisse
1086 2505 1185 2577 vide-

99 2627 164 2688 tur
181 2613 223 2708 ²⁵,
250 2616 320 2689 ubi
338 2616 581 2715 philosophiae
605 2615 732 2688 studiis
758 2617 921 2686 intentus
948 2612 1184 2684 fundamenta

96 2723 187 2818 jecit
207 2725 286 2818 ejus
307 2723 535 2822 disciplinae,
564 2748 657 2821 quae
684 2721 816 2794 deinde
837 2725 1023 2791 Eleaticee'
1041 2719 1187 2791 nomine

99 2829 347 2903 celebritatem
365 2831 492 2928 adepta
515 2843 578 2902 est.
605 2829 815 2900 Auditorem
834 2829 913 2920 ejus
935 2838 973 2897 et
998 2821 1187 2896 aemulum

100 2939 348 3010 Parmeniden
365 2937 472 3010 fuisse
493 2964 512 3009 a
533 2932 714 3034 plerisque
737 2933 916 3006 creditum
941 2945 993 3002 est
1016 2957 1024 3002 :
1049 2941 1186 3035 constat

145 3149 208 3229 (adl
228 3149 386 3209 Heraclitus
406 3171 452 3231 ap.
472 3151 591 3229 Diogen.
607 3149 639 3207 L.
658 3147 715 3221 IX,
735 3168 758 3206 r.
779 3144 947 3222 Πολυμιθῖη
966 3145 1016 3206 νέον
1034 3145 1063 3204 ου’
1078 3141 1189 3206 diddo·-

102 3262 157 3301 κει·
170 3237 300 3301 ‘He-lodov
320 3241 374 3322 ‘ldp
385 3237 415 3303 dr
438 3239 556 3316 idt‘deit
572 3237 618 3300 zei
632 3236 816 3319 lludaeydpas,
835 3231 919 3297 addis
941 3263 972 3297 τε
994 3235 1142 3315 Emoddi
1153 3233 1190 3296 sd

101 3359 134 3392 τε
165 3332 211 3392 ael
240 3333 391 3392 Ἑκαταῖον.
416 3334 486 3392 Cum
511 3331 614 3390 talibus
639 3329 707 3390 viris
742 3330 896 3408 vituperari
921 3327 1091 3405 Xenophani
1114 3323 1189 3384 haud
1211 3350 1215 3354 ⁴
1240 3336 1242 3338 ’

101 3425 220 3483 minima
240 3422 299 3481 laus
318 3426 388 3497 fuit,
412 3423 575 3504 pnesertim
600 3420 847 3480 cum'Heraclitus
866 3419 967 3478 soleret
986 3437 1044 3475 esse
1062 3418 1092 3473 iu
1111 3414 1187 3495 judi-

103 3512 196 3573 cando
215 3515 361 3573 morosior.

145 3602 210 3682 (25)
234 3606 341 3664 Veliae
359 3623 421 3662 eum
437 3601 543 3683 degisse
560 3601 611 3660 etsi
630 3620 688 3658 non
704 3611 799 3680 aperte
815 3619 831 3656 a
847 3597 988 3658 veteribus
1005 3604 1188 3654 memoratum

104 3695 161 3768 sit,
181 3697 247 3752 satis
262 3707 355 3752 tamen
371 3695 505 3774 probatur
524 3712 572 3766 eo,
592 3690 667 3770 quod
687 3689 722 3748 ab
742 3689 871 3749 omnibus
891 3708 947 3744 uuo
968 3705 1016 3744 ore
1030 3685 1188 3743 Eleaticae

104 3783 269 3863 disciplinae
286 3795 384 3842 auctor
399 3782 604 3864 praedicatur:
631 3802 647 3839 a
672 3780 787 3840 Platone
805 3777 944 3857 (Sophist.
969 3797 999 3855 p.
1022 3770 1092 3848 aad.
1126 3769 1186 3852 D.)

105 3875 272 3948 Plutarcho,
292 3876 379 3935 Sexto
400 3875 562 3955 Empirico,
590 3874 732 3932 Clemente
757 3853 1049 3941 Alexandrinofialiis
1069 3884 1138 3941 quos
1157 3864 1188 3920 in

106 3965 280 4047 explicandis
293 3964 353 4044 ejus
366 3964 475 4045 placitis
485 3963 668 4023 laudabimus.
684 3961 829 4019 Praeterea
839 3957 945 4016 dictum
957 3955 1015 4034 ejus
1027 3951 1064 4013 ad
1078 3953 1189 4012 Eleatas

106 4067 277 4116 memoratur
297 4055 332 4119 ab
351 4054 516 4130 Aristotele,
541 4052 617 4134 quod
635 4053 708 4111 infra
729 4052 831 4129 fragm.
850 4044 987 4108 XXXIV.
1000 4042 1102 4121 retuli,
1121 4045 1189 4102 item

107 4167 234 4222 carmen,
256 4165 310 4223 quo
328 4144 412 4226 hujus
431 4135 552 4208 ciuitatis
572 4142 709 4220 originem
729 4138 891 4199 celebravit.
1107 4148 1110 4153 ’
