2842 4884
252 345 293 410 10
696 365 890 408 amarantus

295 515 388 612 Ergo
411 515 441 586 si
465 517 544 609 ejus
566 525 727 612 tempora
753 512 944 612 diligenter
968 514 1210 588 determinare
1233 514 1332 591 veli-

246 645 342 712 mus,
365 633 500 720 quanta
520 621 560 690 in
578 645 702 692 rerum
722 619 937 694 obscuritate
960 633 998 694 et
1019 622 1233 718 opinionum
1255 623 1333 696 dis-

246 753 353 816 sensu
381 753 591 820 versemur,
617 741 777 828 apparet.
805 729 985 801 Nimirum
1011 755 1096 802 cum
1124 742 1261 805 veteres
1290 731 1333 802 in

246 861 372 908 rerum
396 834 660 934 hominumque
686 835 930 934 temporibus,
950 835 993 906 iis
1008 836 1217 933 praesertim
1234 861 1333 934 quae

218 1001 221 1008 .
246 943 342 1018 bella
367 944 505 1018 Persica
528 934 821 1043 praecesserunt,
843 945 1008 1017 notandis
1033 972 1163 1044 parum
1180 946 1334 1019 fuissent
1382 950 1384 955 ’

247 1049 454 1150 diligentes,
471 1050 643 1150 pleraque
666 1080 686 1124 a
712 1051 966 1150 posterioribus
987 1052 1167 1149 probabili
1186 1055 1334 1147 conjec-.

248 1170 330 1232 tura
354 1159 499 1236 definita
523 1173 608 1232 sunt
629 1187 696 1233 :ea
712 1159 913 1231 multorum
932 1185 1228 1233 errorum-caussa
1246 1160 1331 1232 fuit.

247 1267 492 1359 Quamobrem
506 1295 574 1341 nec
590 1270 775 1340 Timaeum
790 1269 830 1338 in
848 1267 1078 1339 memoranda
1101 1267 1334 1366 Xenophauis

246 1383 362 1446 aetate
386 1400 545 1470 peccasse
568 1375 777 1447 mirandum
801 1386 877 1466 est,
894 1400 1015 1472 neque
1030 1373 1273 1471 Apollodoro,
1289 1375 1332 1446 in

245 1479 356 1552 natali
369 1507 464 1552 anno
477 1481 698 1573 deliniendo,
714 1481 801 1554 fides
814 1479 917 1553 facile
929 1480 1105 1553 habenda.
1121 1480 1220 1574 Quid
1238 1505 1330 1556 vero

245 1612 384 1659 annum
409 1613 649 1686 quaeramus,
677 1613 763 1660 eum
789 1600 884 1659 aetas
907 1591 987 1682 ejus
1005 1588 1125 1658 sinon
1146 1599 1243 1660 arcte
1259 1587 1333 1662 de-

243 1691 356 1785 finiri,
376 1692 607 1792 probabiliter
620 1706 743 1766 tamen
756 1693 934 1792 designari
949 1692 1085 1792 possit?
1102 1692 1180 1765 Flos
1194 1697 1274 1789 ejus
1289 1695 1331 1766 in

243 1799 387 1900 Olymp.
404 1800 453 1874 60
466 1801 616 1893 incidit,
640 1814 684 1873 ut
700 1812 840 1877 veteres
856 1812 1059 1894 testantur,
1084 1813 1122 1874 et
1144 1815 1329 1900 quantum

244 1931 289 1980 ex
315 1935 440 1982 rerum
467 1921 747 2006 temporumque
772 1909 1020 1980 monumentis
1043 1905 1162 2006 colligi
1189 1920 1330 2005 potest,

245 2014 429 2110 probabile
455 2025 530 2106 est,
558 2040 645 2087 eum
669 2039 743 2085 non
766 2027 850 2086 ante
875 2013 1019 2114 Olymp.
1047 2038 1095 2112 7⁰
1124 2015 1332 2109 decessisse;

245 2145 329 2220 ergo
355 2148 422 2194 nec
444 2135 527 2194 ante
552 2121 600 2214 45
623 2121 767 2221 Olymp.
792 2135 921 2194 natum
939 2148 1041 2214 esse,
1058 2147 1144 2194 cum
1158 2123 1230 2198 vita
1248 2127 1331 2218 ejus

168 2305 174 2316 χ
244 2241 394 2304 centum
410 2231 485 2303 fere
508 2231 610 2303 annis
626 2227 802 2328 completa
819 2231 930 2303 luerit
947 2257 955 2300 :
973 2231 1096 2329 itaque
1113 2230 1241 2304 vixerit
1255 2232 1332 2304 fere

245 2365 276 2410 a⁶
289 2336 372 2410 Chr.
379 2335 607 2410 600-500.1n
618 2337 711 2410 hanc
723 2350 876 2410 aetatem
887 2335 1060 2435 pleraque
1074 2336 1219 2428 cadunt,
1234 2362 1332 2435 quae

243 2472 264 2518 a
284 2443 467 2520 veteribus
485 2457 659 2517 notantur
679 2471 688 2517 z
710 2446 759 2517 sic
778 2470 871 2542 puer
892 2442 954 2516 ille
978 2456 1043 2516 aut
1066 2443 1184 2515 infans
1206 2443 1327 2517 adhue

243 2554 377 2645 fuerit,
396 2552 522 2652 grandi
540 2555 616 2648 jam
633 2566 726 2626 natu
749 2552 986 2652 Epimenide3
1011 2552 1329 2624 Anaximandrum

243 2672 334 2732 natu
360 2663 534 2756 majorem
560 2658 765 2733 adolescens
794 2659 946 2753 viderit3
976 2683 1081 2757 porro
1108 2658 1333 2757 Pythagorae

242 2769 354 2842 fiterit
379 2793 495 2866 paene
521 2762 703 2866 aequalis;
729 2769 888 2866 denique
912 2779 1072 2839 extrema
1097 2769 1179 2861 ejus
1201 2791 1328 2838 senec-

243 2889 303 2950 tus
325 2901 411 2948 cum
432 2877 589 2948 'ineunte
611 2877 776 2948 Hieronis
800 2873 1036 2948 adolescentia
1064 2885 1250 2970 congruat.

292 2985 389 3056 Haec
410 2983 456 3056 de
479 2983 710 3082 Xenophanis
735 2997 875 3075 aetate,
896 2985 935 3053 in
959 2981 1094 3080 quibus
1116 2980 1328 3054 disserendis

243 3090 419 3190 longiores
434 3091 569 3162 fuimus
592 3105 665 3163 tam
683 3104 832 3188 propter
853 3088 1056 3162 multorum
1074 3089 1324 3180 dissensiones,

220 3225 355 3299 quam
390 3201 599 3296 praesertim
640 3213 788 3297 propter
821 3199 934 3297 ipsius
971 3199 1025 3269 rei
1065 3209 1290 3269 momentum
1314 3251 1324 3288 ,

244 3307 342 3408 quod
368 3307 456 3380 haec
479 3307 639 3404 quaestio
662 3306 759 3381 valet
782 3307 827 3378 ad
842 3297 955 3405 ipsam
972 3304 1172 3403 philosophi
1192 3305 1327 3378 doctri-

245 3441 331 3487 nam
354 3425 391 3486 et
414 3413 611 3506 rationem,
642 3439 737 3512 quae
766 3439 851 3486 cum
875 3426 1082 3510 temporum
1111 3412 1238 3486 ordine
1264 3437 1327 3484 re-

244 3546 402 3619 rumque
426 3521 762 3616 opportunitatibus
794 3519 987 3594 arctissime
1020 3522 1213 3616 conjuncta
1247 3531 1324 3609 est,

246 3629 505 3731 explicandam.
1000 3637 1003 3642 ’
1173 3642 1176 3649 ’

749 3789 822 3872 85,

293 3957 346 4032 De
372 3959 444 4032 vita
469 3969 593 4032 autem
615 3956 797 4055 rebusque
822 3955 902 4048 ejus
923 3979 998 4026 non
1022 3950 1090 4025 nisi
1106 3976 1219 4048 pauca
1236 3959 1322 4021 sunt

244 4065 436 4138 memoriae
464 4055 614 4164 prodita.
640 4050 776 4155 Natus,
807 4074 851 4134 ut
881 4060 1062 4150 diximus,
1091 4055 1321 4154 Colophone,
