2842 4884
527 400 740 445 annosorum.
1108 382 1173 452 1³5

81 570 320 657 terpretatur
343 556 366 609 ⁵⁷
394 584 402 627 ε
426 558 616 654 παραδέδοται
643 560 698 646 δὲ,
724 560 863 655 inquit,
887 566 940 631 ὑπὸ
962 579 1018 631 τῶν
1041 571 1174 657 ἀρχαιων

82 674 137 735 καὶ
163 670 304 736 παλαιῶν
328 673 359 735 ἐν
383 670 476 756 ptiar
496 675 627 755 σχήματι
651 668 907 758 καταλελειμμένα
927 686 983 744 τοῖς
994 666 1117 763 rig-opor,
1130 669 1174 740 i‘rr

82 776 194 841 θεοί
224 780 256 839 τέ
281 781 351 840 εἰσιν
372 768 441 841 οὗτοι
467 775 517 839 καὶ
533 777 668 867 ’περιέχει
696 776 737 840 τὸ
765 777 881 841 θεῖον
911 782 962 855 τὴν
983 772 1053 854 ὅλην
1081 781 1173 870 φύσιν.

81 876 235 948 Eodem
254 876 360 947 modo
378 875 669 973 intelligendum,
686 876 784 973 quod
796 884 907 948 Dema
921 904 941 949 a
953 876 1173 975 Xenophane

81 988 304 1053 universum
328 990 453 1053 eoelum
476 985 550 1055 sive
576 984 742 1055 mundum
767 981 988 1080 appellatum
1006 985 1109 1077 dieit3
1134 984 1175 1056 in

82 1115 209 1186 quam
229 1092 440 1163 sententiam
465 1117 507 1163 eo
532 1094 687 1163 maxime
710 1091 880 1163 inductus
897 1091 1058 1184 videtur,
1077 1092 1176 1191 quod

82 1194 218 1267 Deum
261 1194 493 1294 Xenophanes
533 1198 796 1294 praedicaverat
833 1199 1020 1295 σφαιροειδῆ,
1064 1224 1177 1296 quam

82 1304 252 1401 figuram
269 1306 404 1377 mundo
420 1304 548 1375 tribuit
563 1304 778 1376 Aristoteles.
800 1305 843 1375 In
861 1329 934 1401 quo
953 1303 1081 1375 falsum
1099 1330 1174 1377 esse

84 1415 176 1509 quis
196 1436 270 1483 non
284 1414 398 1504 videt,
421 1410 517 1510 quod
530 1413 568 1482 in
586 1426 749 1486 veterum
764 1412 947 1483 sententiis
960 1412 1178 1507 explicandis

85 1518 155 1591 ille
177 1520 298 1590 omnia
323 1518 367 1589 ad
383 1544 467 1589 suae
485 1520 627 1589 rationis
645 1541 806 1588 normam
821 1515 978 1592 revocat?
991 1516 1177 1609 Quomodo

85 1650 183 1699 vero
206 1627 315 1718 hujus
339 1626 430 1695 ratio
454 1647 649 1723 congruere
682 1626 798 1720 potuit
834 1637 998 1699 veterum
1027 1622 1177 1695 illorum

87 1729 262 1826 placitis,
282 1730 347 1826 qui
369 1729 407 1799 in
433 1729 710 1825 philosophando
726 1754 794 1801 nec
813 1754 987 1827 generum
1008 1728 1178 1801 distribu-

84 1838 235 1905 tionem
260 1858 327 1905 nec
364 1835 559 1905 formarum
582 1835 837 1924 definitiones,
867 1835 1002 1932 quibus
1027 1831 1094 1907 ille
1115 1858 1178 1905 na-

87 1954 220 2013 turam
243 1964 385 2013 omnem
405 1942 596 2037 descripsit,
617 1940 883 2040 cognoverant?
908 1942 981 2029 Sic,
998 1953 1043 2013 ut
1059 1966 1179 2012 unum

88 2047 274 2135 afferam,
304 2048 401 2144 quod
437 2043 643 2120 Aristoteles
675 2047 721 2120 de
752 2072 918 2144 corporea
952 2046 1012 2118 illa
1049 2060 1179 2119 natura

90 2151 302 2248 praedicat,
330 2158 361 2221 τὸ
385 2154 476 2223 talio
497 2170 583 2245 σῶμα
610 2152 726 2223 tribur
750 2153 805 2225 his
830 2155 992 2224 terminis
1014 2154 1178 2243 definiri,

91 2258 220 2347 initio,
244 2259 382 2348 medio,
405 2270 591 2345 extremo,
616 2257 683 2331 hoc
700 2285 718 2329 a
738 2256 965 2356 Xenophanis
980 2259 1055 2331 Deo
1078 2284 1177 2356 pror-

92 2388 157 2435 sus
182 2363 340 2455 alienum
364 2376 433 2449 est.
445 2365 572 2461 ltaque
590 2365 718 2437 merito
736 2365 880 2437 videtur
899 2366 987 2438 haec
1002 2368 1178 2465 interpre-

94 2472 186 2541 tatio
201 2470 351 2540 refutata
365 2498 389 2541 a
406 2468 606 2566 Simplicio,
623 2472 719 2542 utin
736 2471 947 2543 Parmenide
960 2473 1175 2542 notabimus.

146 2574 341 2647 Aristotelis
378 2587 499 2645 autem
536 2575 715 2668 judicium
743 2575 909 2671 pleriqffl
945 2579 1177 2670 posteriores,

98 2686 166 2779 qui
190 2682 422 2779 Xenopbanis
442 2679 656 2753 sententiam
672 2678 902 2770 retulerunt,
920 2683 1033 2753 secuti
1050 2678 1179 2752 viden-

99 2800 163 2860 tur
191 2790 267 2878 ita,
297 2800 340 2858 ut
380 2811 445 2882 pro
482 2810 547 2857 suo
588 2787 741 2882 quisque
778 2786 923 2857 arbitrio
959 2785 1179 2881 explicarent

100 2895 199 2966 varie
224 2907 262 2966 et
287 2891 556 2990 interpolarent.
582 2888 704 2963 Cicero
726 2892 774 2961 ita
801 2890 909 2960 tradit
933 2889 990 2962 ⁶⁸:
1020 2917 1041 2963 a
1062 2891 1178 2962 Xeno-

101 3000 237 3095 phanes
265 3024 384 3071 unum
413 3022 485 3069 esse
512 2998 630 3069 omnia
659 2997 829 3094 (dixit),
874 3020 994 3095 neque
1037 2998 1075 3071 id
1105 3021 1179 3071 esse

102 3102 291 3195 mutabile,
317 3118 352 3176 et
376 3104 412 3177 id
438 3128 511 3178 'esse
536 3104 670 3193 Deum,
708 3125 827 3200 neque
854 3117 980 3175 natum
1005 3130 1180 3203 umquam

102 3224 141 3283 et
165 3211 448 3307 sempiternum,
474 3208 680 3307 conglobata
706 3211 867 3307 lig-ura.»
886 3211 987 3283 Idem
1010 3209 1079 3283 alio
1103 3209 1180 3283 loco

103 3317 176 3405 eie,
205 3329 248 3387 ut
271 3328 355 3407 ante
375 3318 650 3389 memoravimus
667 3314 691 3363 ⁶⁹
714 3342 722 3386 :
744 3315 1036 3414 «Xenophanes,
1057 3330 1181 3391 mente

49 3552 53 3563 ’
147 3526 212 3609 {67}
233 3525 357 3607 Metaph.
371 3524 449 3599 xit,
468 3524 497 3587 8.
518 3546 549 3605 p.
571 3523 632 3605 744
651 3526 684 3585 Ε.
705 3527 793 3587 Miror
811 3527 1027 3587 eruditissimum
1047 3524 1179 3586 Bodetia

108 3620 238 3700 Orpheo,
258 3640 287 3697 p.
314 3615 387 3693 164,
410 3614 563 3697 (Gotting.
592 3614 698 3693 1824.)
721 3618 886 3677 arbitratum
905 3637 963 3676 asse
972 3659 982 3687 ,
1003 3614 1178 3675 Aristotelem

14 3780 15 3783 Ἴ
109 3706 151 3768 his
171 3707 263 3767 verbis
290 3707 422 3785 mysticos
445 3705 651 3781 antiquissimae
676 3705 817 3785 religionis
844 3708 918 3764 Deos
941 3703 1112 3783 significare,
1134 3718 1179 3765 to-

109 3808 168 3857 tum
187 3798 261 3855 enim
281 3796 372 3855 locum
393 3796 495 3873 legenti
513 3796 676 3875 apparebit,
697 3818 760 3856 eum
782 3796 817 3855 ad
831 3796 956 3874 vulgares
974 3806 1098 3873 spectare
1113 3802 1180 3877 poi·

110 3899 197 3946 tarum
212 3886 319 3944 fabulas
331 3931 339 3958 ,
352 3884 450 3963 quibus
467 3884 679 3963 praeclariorem
698 3887 774 3944 banc
789 3886 955 3943 sententiam
966 3884 1077 3944 subesse
1092 3884 1179 3965 dicit,

109 3978 254 4039 lictionum
273 3976 439 4055 tegumentis
458 3974 621 4034 involutam.

150 4064 215 4143 (68)
235 4066 289 4138 Qu.
313 4064 399 4123 Aead.
420 4064 448 4120 ll
459 4105 469 4133 ‚
492 4083 553 4143 cap.
575 4066 626 4144 37.

149 4153 213 4236 (69)
235 4154 276 4212 De
294 4153 359 4213 Nat.
378 4154 463 4212 Deor.
478 4152 509 4229 l,
524 4173 584 4234 cap.
603 4173 647 4211 ιι.

1407 3930 1410 3964 l

1407 4075 1409 4114 l
