2842 4884
246 379 310 442 122
659 400 697 440 nn
720 400 912 443 xanornarns

242 553 399 652 quintio,
420 552 484 649 qui
502 562 545 621 ut
567 549 739 648 pleraque
760 550 828 623 alia
848 552 896 622 sic
919 551 1027 622 etiam
1047 557 1077 621 τὸ
1100 553 1218 648 ἄπειρον
1244 550 1323 623 καθ’

241 665 332 749 αὐτὸ,
357 662 408 751 οὐχ
431 657 469 736 ὥς
493 686 546 726 τινι
569 666 656 753 ἑτέρῳ
680 659 890 750 σνμβεβηνὶνς,
915 669 959 727 ut
987 659 1036 727 ait
1061 657 1194 729 ibidem
1219 661 1320 732 Aris-

240 765 391 854 toteles,
425 763 705 836 considerarunt.
738 763 860 860 Atque
887 761 1018 834 horum
1048 762 1176 860 placita
1210 767 1319 839 inda-

238 871 403 970 gantibus
434 868 536 940 facile
576 869 789 965 apparebit,
824 868 1048 965 Xenophanis
1090 872 1264 944 rationem
1296 903 1318 946 a

237 979 365 1049 Ionicis
388 976 583 1064 diversam,
608 1000 692 1070 cum
712 975 947 1074 Pythagoricis
965 977 1014 1046 ita
1038 1001 1252 1075 congruere,
1269 993 1319 1051 ut
1411 1024 1412 1063 ν

238 1108 468 1156 communem
496 1082 642 1179 stirpem
672 1108 845 1182 agnoscas.
872 1083 916 1151 Hi
941 1083 1038 1154 enim
1062 1083 1176 1153 omnis
1208 1096 1318 1157 natu-

236 1215 295 1261 rae
339 1187 515 1261 elementa
551 1201 757 1260 statuerunt
791 1213 864 1259 esse
896 1189 1091 1279 contraria,
1125 1214 1240 1286 eaque
1272 1193 1316 1263 in

235 1310 346 1370 certas
367 1323 541 1394 generum
568 1298 696 1368 formas
721 1297 1008 1393 descripserunt,
1028 1295 1136 1394 vulgo
1158 1306 1209 1376 τὰς
1234 1309 1316 1372 κατὰ

233 1417 382 1500 σνςοιχίαν
410 1415 504 1505 ἀρχὰς
529 1405 744 1504 appellatas3
781 1407 821 1476 in
846 1405 978 1504 quibus
999 1409 1207 1502 praesertim
1223 1409 1314 1483 haec
1412 1452 1413 1461 ν

234 1514 299 1586 sibi
316 1514 412 1612 pan'a
430 1526 666 1610 opponuntur
692 1540 699 1584 :
718 1520 808 1609 πέρας
833 1511 933 1608 (sive
945 1511 1092 1610 περαῖνον)
1110 1526 1146 1586 et
1166 1515 1310 1613 ἄπειρον,

233 1630 351 1718 ἠρεμοῦν
368 1632 405 1691 et
432 1627 601 1712 κινούμενον.
620 1621 716 1691 Haec
740 1632 862 1693 autem
887 1619 1199 1717 Pythagoricorum
1218 1623 1311 1693 ratio

234 1754 306 1799 non
330 1726 446 1799 multo
471 1741 553 1799 ante
580 1727 837 1825 Xenophanem
870 1728 910 1797 in
933 1727 1036 1798 Italia
1060 1729 1204 1801 videtur
1233 1757 1311 1804 esse

233 1846 402 1929 reperta,¹
426 1833 498 1904 sive
517 1836 636 1930 ipsum
660 1832 893 1931 Pythagoram
925 1833 1091 1904 habuerit
1124 1847 1311 1908 auctorem

232 1944 305 2013 sive
335 1939 522 2038 aequalem
564 1943 642 2034 ejus
680 1939 934 2012 Alcmaeonem
959 1940 1214 2033 Crotoniatem,
1242 1947 1312 2042 qui

232 2051 376 2141 docuit,
397 2051 444 2119 δύο
470 2048 595 2119 εἶναιτὰ
619 2051 711 2118 πολλὰ
738 2065 794 2118 τῶν
818 2056 1024 2146 ἀνθρωπίνων,
1049 2049 1085 2120 h.
1110 2076 1141 2121 e.
1166 2077 1220 2122 res
1232 2051 1311 2123 hu-

231 2183 352 2229 manas
383 2167 574 2254 totumque
612 2155 793 2226 mundum
833 2165 875 2226 ex'
914 2157 1084 2252 oppositis
1121 2155 1311 2232 elementis
1414 2168 1415 2171 ’

233 2271 392 2335 constare
406 2257 440 2330 ³’.

280 2369 334 2438 Ex
366 2366 432 2437 hoc
458 2365 569 2465 igitur
598 2365 696 2436 fonte
724 2365 880 2462 profecta
906 2366 1050 2439 videtur
1081 2368 1312 2465 Xenophanis

230 2475 405 2548 sententia
433 2500 441 2544 :
468 2499 625 2572 namque
649 2499 766 2571 quum
790 2499 908 2545 unum
933 2499 1005 2547 esse
1030 2476 1148 2547 Deum
1170 2488 1309 2549 statue-

228 2597 310 2675 ret,
340 2585 429 2673 ista,
455 2608 548 2680 quae
571 2583 610 2652 in
639 2581 754 2654 rebus
769 2582 935 2654 humanis
961 2583 1141 2654 habentur
1167 2596 1310 2656 contra·
1415 2638 1416 2683 π

231 2693 312 2783 ria,
343 2690 458 2763 aliena
488 2718 506 2760 a
537 2690 657 2763 divina
687 2703 814 2761 natura
845 2693 1016 2763 censuit:
1045 2717 1117 2788 quo
1149 2693 1309 2788 pertinet

229 2799 371 2871 fortasse
396 2796 563 2870 etiamid
590 2796 685 2900 quod
708 2796 805 2892 apud
834 2798 1017 2867 Laertium
1042 2794 1211 2896 legimus,
1230 2797 1306 2870 Xe·
1333 2833 1336 2840 ·

230 2905 404 3000 nophanis
428 2903 640 2975 sententiam
667 2903 884 3001 Pythagorae
910 2903 1015 2973 fuisse
1046 2904 1240 3000 oppositam
1266 2902 1302 2974 ³³.

230 3012 325 3081 Haec
356 3010 543 3099 universe3
571 3012 643 3103 jam
673 3009 812 3106 singula
846 3009 1081 3080 attendamus.

278 3115 440 3186 Primum
475 3116 571 3213 quod
605 3117 647 3187 ad
687 3115 806 3212 οἵπειρνν
837 3128 873 3187 et
902 3126 1113 3210 πεπερασμένον
1149 3118 1301 3208 attinet,

228 3222 531 3320 Pythagoreorum
555 3223 625 3294 fuit
647 3222 735 3293 haec
763 3221 947 3313 definitio,
973 3222 1171 3318 perfectum
1197 3248 1305 3296 omne

230 3340 420 3425 totumque
452 3323 631 3400 mundum
665 3328 780 3400 tribus
814 3327 869 3399 his
905 3328 1066 3398 terminis
1095 3330 1303 3422 contineri,

228 3439 355 3528 initio,
384 3437 525 3525 medio,
555 3452 714 3511 extremo
739 3437 762 3486 ³⁴
787 3466 795 3510 :
827 3441 942 3522 τελευτὴ
970 3446 1029 3535 γὰρ
1057 3445 1107 3508 καὶ
1138 3450 1222 3533 μέσον
1253 3449 1306 3510 καὶ

228 3558 306 3643 ἀρχὴ
332 3551 377 3615 τὸν
405 3551 531 3637 ἀριθμὸν
557 3543 624 3637 ἔχει
649 3554 693 3617 τὸν
718 3561 764 3618 τώ
803 3557 919 3625 παντός.
960 3547 1054 3619 Huic
1095 3572 1303 3645 congruum

269 3806 330 3882 (32)
351 3809 435 3866 Arist.
451 3805 574 3889 Metaph.
595 3807 609 3865 1
621 3852 629 3882 ,
651 3805 678 3867 5.
699 3809 736 3867 cf.
760 3809 860 3867 Ritter.
889 3808 990 3868 Gesch.
1008 3810 1035 3870 d.
1060 3808 1175 3892 Pythag.
1197 3805 1303 3870 Philos.

249 3936 256 3949 .
284 3915 318 3952 ιν
342 3936 350 3953 .

228 3912 246 3972 P
267 3893 340 4076 (33)4
353 4000 439 4061 Aliter
459 4001 526 4062 haec
545 4003 664 4086 explicat
689 4005 790 4064 Consin
809 4006 827 4065 l.
843 4005 863 4066 Ι.
882 4028 911 4088 p.
931 4006 981 4068 80.

269 4103 332 4189 (34)
354 4107 472 4166 A'ristot.
496 4109 571 4169 Coel.
592 4110 625 4186 1¹,
652 4131 675 4170 r.
