2842 4884
514 370 730 415 rainosorrrrs.
1095 355 1158 416 113

71 533 174 612 ‚muri
210 531 354 603 videtur
387 529 498 625 ipsius
529 527 758 624 Xenophanis
801 527 894 600 dicto
930 528 1026 626 quod
1054 554 1163 627 supra

69 653 128 710 'ex
156 635 348 708 Aristotele
380 633 567 706 attulimus
594 661 602 705 :
633 637 794 731 Ξενοφάνης
829 634 952 728 ἔλεγεν,
987 636 1028 705 ὅτι
1068 647 1164 727 ὅμοιος

82 746 233 829 ἀσεβοῦσιν
271 755 293 812 σι’
319 749 532 836 γενέσθαι
568 753 721 838 φάσκοντες
757 747 816 818 τοὺς
841 744 910 819 θεάς
935 762 989 820 τοῖς
1018 749 1165 812 ἀποθα-

84 871 165 920 νεῖν
193 853 337 944 λέγουσιν·
365 859 525 946 ἀμφοτέρως
551 856 608 944 γὰρ
636 849 816 939 συμβαίνει,
844 858 884 939 μὴ
917 845 992 916 εἶναι’
1014 877 1079 918 ποτε
1105 854 1165 927 τοὺς

85 962 176 1034 θεοὺς.
207 957 314 1028 Unde
343 955 459 1052 colligi
490 980 563 1024 non
595 966 729 1024 temere
762 956 897 1049 possit,
924 953 1020 1024 idem
1052 979 1164 1052 argu-

85 1075 253 1134 mentum
283 1064 321 1132 iu
350 1064 459 1158 ipsius
477 1062 648 1149 carmine,
679 1085 796 1156 quum
820 1059 865 1131 de
899 1060 1017 1130 divina
1035 1074 1165 1132 natura

86 1181 227 1267 ageret,
271 1168 368 1239 haud
396 1167 502 1263 plane
531 1169 698 1239 omissum
719 1193 802 1238 esse.
823 1165 916 1237 Cum
940 1165 1166 1263 Xenophanis

87 1289 209 1348 autem
249 1277 341 1346 dicto
376 1277 530 1346 concinit
573 1274 778 1371 Epicharmi
814 1271 876 1344 ille
913 1298 1036 1345 versus
1070 1265 1167 1370 apud

87 1382 183 1480 Diog.
215 1382 330 1452 Laert.
354 1381 425 1470 III,
448 1393 530 1452 sect.
560 1404 628 1450 10:
846 1375 851 1385 '

131 1525 214 1600 Ἀλλ’
240 1540 290 1599 set
307 1559 346 1598 τοι
371 1534 434 1598 θεοῖ
458 1546 590 1624 παρῆσαν
616 1535 665 1596 καὶ
698 1531 828 1598 ὑπελιπον
853 1531 882 1598 ον’
909 1538 1050 1599 πώποκα·

135 1648 215 1716 Τάδε
231 1645 244 1742 (
258 1652 295 1714 τά
318 1644 415 1740 θεῖοι)
439 1637 467 1712 d'
480 1646 524 1712 άεῖ
545 1636 675 1738 πάρεσθ’
688 1642 791 1733 ὅμοια,
817 1645 866 1712 διά
877 1644 907 1713 δὲ
931 1660 985 1712 τῶν
1006 1647 1098 1714 αὐτῶν
1112 1655 1166 1715 ἀεί.

551 1843 665 1986 πο.

139 2102 264 2175 Altero
280 2115 490 2200 argumento
508 2129 627 2176 unum
652 2129 726 2176 esse
752 2105 872 2178 Deum
894 2105 1108 2181 demonstrat
1126 2137 1172 2184 ex

94 2211 163 2306 ipsa
186 2213 303 2290 divini
323 2213 481 2283 numinis
501 2225 641 2283 natura.
669 2212 792 2284 «Talis
819 2216 930 2306 enim,
956 2217 1091 2315 inquit,
1110 2247 1172 2292 na-

18 2339 20 2348 ·
95 2327 171 2388 tura
194 2331 251 2415 est
274 2321 386 2406 Deus,
403 2331 445 2389 ut
469 2320 515 2390 sit
538 2320 698 2390 omnium
725 2322 881 2417 optimus
897 2335 933 2394 et
951 2326 1174 2419 praestantis·

18 2483 19 2488 ,
96 2426 200 2498 simus
227 2454 235 2496 :
266 2451 341 2523 quo
372 2428 587 2517 constituto,
617 2429 782 2525 sequitur
815 2442 859 2501 ut
888 2456 954 2501 nec
984 2434 1174 2530 quisquam

96 2528 154 2602 illo
176 2531 340 2630 superior
370 2556 489 2629 neque
527 2531 650 2630 plures
679 2536 774 2606 inter
809 2561 846 2606 se
873 2561 974 2630 pares
1000 2537 1058 2606 Dii
1092 2564 1174 2633 pos-

97 2638 162 2708 sint
190 2640 340 2730 haberi,
367 2641 537 2736 quoniam
565 2639 631 2709 hoc
663 2640 768 2710 modo
794 2666 934 2711 summa
961 2639 1022 2712 illa
1053 2668 1174 2738 praes-

98 2747 226 2818 tantiae
245 2746 312 2832 vis‚
331 2749 403 2840 ipsa
422 2745 508 2816 adeo
531 2744 598 2816 Dei
620 2757 761 2833 natura,
788 2743 938 2816 tollitur.
957 2771 978 2814 ν

142 2892 274 2964 Multos
289 2889 518 2989 antiquorum
534 2890 625 2962 locos
642 2892 812 2977 vidimus,
835 2892 899 2989 qui
916 2887 1176 2989 testificantur,

101 2995 356 3097 Xenophanem
386 2997 549 3094 vulgares
578 2998 622 3069 de
664 2998 740 3068 Diis
782 3000 970 3094 opiniones*
999 3001 1177 3077 fictiones-
1243 3039 1249 3045 ·

100 3127 167 3200 que
189 3113 377 3206 poetarum
404 3106 635 3179 vehementer
656 3105 871 3201 improbasse
894 3121 929 3178 et
952 3111 1106 3183 studiose
1126 3139 1178 3185 re-

100 3209 245 3306 futasse3
269 3212 482 3311 protulimus
509 3213 619 3309 ipsius
636 3210 773 3283 dictum
789 3237 861 3309 quo
888 3240 984 3286 unus
1007 3214 1068 3289 ille
1081 3211 1178 3291 Deus

100 3317 301 3392 celebratur
329 3347 336 3390 :

197 3470 237 3547 εἷς
257 3475 326 3546 θεὸς
351 3468 382 3538 ἔν
415 3497 446 3536 τε
471 3475 564 3539 θεοῖσι
589 3474 639 3536 καὶ
660 3475 837 3565 ἀνθρώποισι
868 3479 984 3565 μέριςος
1056 3522 1058 3525 v

103 3618 194 3694 Huic
232 3636 352 3696 tamen
380 3623 576 3695 sententiae
611 3626 830 3695 contrarium
868 3626 1054 3714 videatur,
1080 3627 1178 3720 quod

105 3749 175 3798 non
198 3730 302 3801 modo
328 3753 462 3819 unum,
480 3727 540 3799 sod
565 3729 749 3801 interdum
774 3731 896 3827 plures
923 3753 1068 3827 quoque
1089 3730 1179 3804 Deos

107 3857 390 3908 commemorasse
428 3835 575 3925 dicitur,
602 3849 637 3906 et
668 3837 707 3906 in
734 3837 800 3907 hoo‘
825 3839 900 3933 ipso
931 3860 1037 3909 versu
1061 3861 1202 3924 unum

108 3941 252 4034 quidem
277 3945 440 4015 omnium
464 3944 802 4038 praestantissimum
830 3942 912 4012 sacit
938 3941 1082 4034 Deum,
1112 3970 1179 4016 nec

109 4051 226 4120 tamen
253 4048 374 4147 plures
400 4049 490 4122 Deos
516 4051 660 4120 omnino
685 4047 810 4118 tollere
837 4045 990 4122 videtur.
1016 4049 1084 4122 Sed
1106 4049 1180 4122 hu-

300 4163 324 4225 1-
1011 4180 1035 4250 o
