2842 4884
528 428 739 471 amtosoemu.

596 628 707 711 §off

149 834 181 905 E
204 847 297 908 terra
316 847 353 908 et
375 837 481 925 mari,
507 846 550 907 ut
574 836 702 910 mundi
726 837 942 935 primordiis,
968 850 1168 911 ceterarum

95 966 225 1016 rerum
253 954 381 1013 natura
405 940 598 1039 repetenda
628 955 709 1035 est,
739 968 828 1041 quas
858 944 1024 1043 deinceps
1052 944 1169 1044 expli·

95 1045 271 1119 cahimus.
298 1047 535 1145 Praecipuum
562 1048 657 1121 inter
682 1073 827 1146 corpora
859 1049 1021 1123 coelestia
1049 1050 1169 1125 locum

96 1160 152 1233 sol
175 1174 211 1233 et
230 1161 317 1234 luna
333 1170 473 1254 tenent,
492 1161 538 1235 de
551 1187 707 1260 quorum
731 1163 866 1261 origine
881 1188 974 1261 quae
998 1167 1167 1260 senserit,

96 1265 337 1364 Theophrasto
351 1281 494 1340 auctore
518 1266 627 1339 relata
644 1266 794 1365 legimus
809 1267 908 1363 apud
922 1266 1114 1343 stobaeum
1122 1271 1168 1344 ⁴⁰:

97 1377 266 1473 Θεόφραςσς
294 1383 325 1445 ἐν
355 1397 411 1454 τοῖς
439 1392 559 1472 φυσικοῖς
588 1384 752 1473 γέγραφεν,
785 1372 890 1469 (εἶναι
925 1379 970 1443 τὸν
1003 1374 1108 1472 ἥλιον)
1137 1385 1171 1448 ἑκ

96 1482 232 1576 πυριδίων
254 1485 307 1573 μὲν
330 1497 385 1550 τῶν
408 1485 673 1574 συναθροιζόμενων
694 1487 728 1550 ἐκ
748 1498 798 1561 τῆς
822 1487 914 1575 ὑγρᾶς
933 1484 1169 1571 ἀναθυμιάσεως,

98 1595 344 1684 συναθροιζόντων
367 1590 397 1656 δὲ
426 1592 470 1655 τὸν
492 1586 579 1666 ἥλων.
597 1587 648 1657 Ne
674 1587 754 1683 quis
773 1597 902 1681 putet,
927 1584 995 1658 hoc
1020 1584 1096 1657 loco
1116 1588 1171 1685 ip-

98 1696 173 1765 sius
186 1691 413 1787 Theophrasti
426 1692 612 1761 memorari
626 1693 850 1780 sententiam,
864 1691 1063 1764 tenendum
1074 1691 1172 1788 apud

99 1798 293 1868 Stobaeum
312 1796 357 1867 de
387 1795 604 1891 Xenophane
623 1796 680 1868 hic
706 1797 777 1894 agi,
798 1797 987 1893 eidemque
1010 1795 1077 1868 hoc
1097 1794 1172 1893 pla·

96 1904 215 1972 citum
241 1928 261 1971 a
286 1899 410 1972 multis
441 1898 517 1971 aliis
543 1900 654 1972 tribui
677 1900 724 1992 ⁴¹,
748 1900 898 1975 velutia
925 1899 1116 1971 Plutarcho
1132 1902 1175 1974 in

99 2009 300 2095 Stromatis,
320 2020 357 2080 ct
377 2018 518 2079 auctore
536 2005 619 2080 libri
639 2007 684 2079 de
707 2007 844 2104 placitis
863 2005 1170 2103 philosophorum,

100 2138 256 2211 quorum
274 2113 331 2185 hic
356 2115 394 2183 in
418 2114 646 2186 memoranda
669 2112 896 2210 Xenophanis
918 2114 1093 2187 sententia
1109 2114 1172 2186 iis-

102 2221 184 2293 dem
198 2219 312 2294 verbis
332 2221 450 2291 utitur
467 2232 574 2317 atque
591 2219 777 2310 Stohaeus3
799 2217 958 2291 Galenus
974 2232 1095 2294 autem
1117 2220 1172 2294 his

103 2325 217 2401 verbis
253 2326 361 2399 refert
377 2324 402 2372 ⁴²
432 2352 440 2395 :
475 2320 633 2424 Ξενοφάνης
661 2334 693 2397 ἔκ
724 2343 780 2395 τῶν
811 2327 903 2422 ξηρῶν
931 2324 1034 2418 ἀτμων
1066 2324 1172 2424 [τὰ]

102 2435 218 2528 πυρίδιά
240 2461 304 2502 τινα
332 2438 549 2528 συνέρχεσθαι,
579 2435 601 2500 ἀ
624 2440 663 2509 εἰς
689 2429 779 2527 [τὸ]
803 2434 837 2500 ἓν
866 2447 951 2521 σῶμα
977 2438 1173 2514 καθεςηκότα

104 2543 150 2606 τὸν
176 2536 253 2619 ilica
278 2553 426 2619 συνιςῶσι·
453 2534 475 2617 η’
504 2541 550 2607 τὸν
578 2536 655 2616 ἥλιον
678 2543 874 2625 ἀναπτομένην
905 2538 1032 2630 repellar.
1061 2535 1128 2605 Hic
1151 2560 1173 2605 a

104 2778 196 2838 σεως,
224 2747 313 2823 alter
342 2756 373 2817 ἐκ
401 2764 455 2818 τῶν
490 2752 581 2844 ξηρῶν
614 2746 717 2837 ἀτμων
746 2742 826 2815 solis
853 2741 1026 2839 igniculos
1055 2739 1179 2840 colligi

105 2857 189 2928 dicit
205 2882 213 2927 :
229 2881 321 2953 quae
345 2867 387 2927 ut
405 2853 521 2927 verbis
543 2853 767 2952 discrepant,
789 2852 837 2920 ita
864 2874 903 2921 re
929 2864 1071 2945 prorsus
1088 2874 1171 2921 con·
1276 2917 1282 2928 ,

107 2965 267 3039 veniunt.
294 2964 382 3033 Nam
409 2963 498 3054 ἀτμσς
521 2963 593 3033 sive
621 2966 703 3051 ἀτμὶς
724 2970 761 3029 et
784 2963 978 3049 ἀναθυμίασις
1000 2956 1049 3026 ila
1073 2954 1173 3028 diffe-

107 3081 193 3140 runt
217 3068 394 3167 physicis,
418 3080 461 3138 ut
486 3068 524 3135 in
547 3064 657 3136 altero
679 3064 863 3152 humoris,
890 3062 929 3131 in
952 3059 1063 3133 altero
1083 3062 1172 3159 ignia

107 3176 157 3251 vis
183 3174 332 3247 excellat
355 3172 391 3243 ⁴³.
416 3170 514 3244 Nihil
536 3172 647 3269 igitur
675 3172 846 3258 interest,
870 3180 997 3240 utrum
1021 3170 1170 3240 calidum

148 3388 211 3493 (ω)
233 3408 309 3469 sto.
332 3381 364 3481 ι’,
389 3406 435 3466 26.
458 3405 612 3486 r.11‚p.
635 3406 704 3467 522.
725 3405 844 3463 neem,

147 3514 209 3597 (41)
230 3513 368 3576 Plutarch.
388 3515 418 3572 in
432 3512 534 3572 Strom.
556 3510 630 3592 apud
650 3512 752 3571 Euseh.
774 3513 870 3591 Praep.
889 3509 942 3569 Eu.
964 3508 996 3582 l,
1020 3505 1049 3566 8.
1071 3527 1100 3586 p.
1123 3507 1173 3565 23.

101 3606 172 3683 ‘orci
192 3604 229 3667 ἀὲ
249 3602 294 3667 sal
314 3600 358 3664 air
377 3599 449 3671 ἥλιον
475 3605 505 3663 iz
522 3612 621 3683 perapei‘t
643 3600 688 3663 xci
707 3600 832 3662 τλενάνυν
853 3597 946 3679 πυρίαν
965 3597 1002 3674 (l.
1023 3591 1173 3674 πυμάιύν)

111 3698 303 3779 ἀθροίζεσθαι.
324 3695 395 3753 Plut.
416 3692 450 3751 de
467 3692 539 3773 plac.
560 3691 628 3771 phil.
648 3692 696 3767 ll,
719 3712 768 3751 σο.
789 3689 863 3772 apud
880 3686 983 3748 Euseb.
1010 3683 1088 3759 XV,
1123 3686 1173 3743 23.

111 3812 138 3871 p.
156 3788 234 3861 836,
253 3788 285 3848 B.
313 3786 463 3864 Origenes,
486 3781 562 3863 eujus
581 3782 664 3844 verba
685 3802 751 3841 mox
773 3783 934 3839 afferentur.

151 3894 210 3973 (ἀμ)
229 3892 324 3954 Galen.
353 3910 412 3971 cap.
442 3886 523 3949 XIV.
552 3889 705 3951 Articulum
733 3887 810 3946 uncis
835 3882 959 3952 inclusi,
983 3878 1047 3955 quia
1072 3876 1175 3937 rectius

28 4018 30 4022 ·
113 3986 221 4047 abesset.

153 4090 213 4173 (43)
234 4091 348 4152 Aristot.
376 4089 491 4149 Meteor.
517 4088 532 4147 Ι
543 4132 553 4163 ,
577 4087 605 4147 3.
626 4074 747 4166 plan.
776 4072 891 4137 casaub.
918 4070 969 4133 tu*
993 4083 1103 4173 νωῖννα,
1126 4082 1176 4133 nt

301 4194 325 4259 1.
987 4195 1028 4241 12
