2842 4884
494 406 571 451 rma
593 389 633 448 π’
655 405 779 449 moon.
1133 390 1177 454 81

97 547 236 618 Horum
260 544 463 616 testimonia
491 568 716 642 quamquam
744 541 850 616 nobis
877 542 924 616 ad
956 546 1180 643 antiquitatis

99 654 336 751 cognitionem
356 652 505 724 maximi
527 652 599 724 sint
614 652 805 742 momenti,
820 663 944 724 tamen
960 649 1181 752 plerumque

97 795 170 841 non
211 795 257 850 cx
293 770 370 866 ipso
411 768 511 841 fonte
545 768 607 842 sed
641 793 688 841 ex
722 766 877 840 aliorum
906 769 1058 840 narratis
1092 793 1181 866 pro-

96 879 187 950 fecta
215 875 416 974 multisque
439 877 579 949 serioris
601 877 729 950 aetatis
749 877 915 950 sordibus
939 880 1179 952 contaminata

94 1009 192 1075 esse,
209 1008 318 1056 nemo
332 983 482 1082 ignorat.
495 983 578 1077 Quo
599 986 714 1079 major
739 1011 828 1058 cura
849 984 1052 1058 adhibenda
1073 983 1176 1058 nobis

96 1103 167 1181 est,
197 1103 244 1164 ut
265 1091 331 1162 ista
354 1091 475 1163 omnia
496 1093 768 1190 conquiramus,
785 1091 902 1190 iisque
917 1092 1014 1164 inter
1033 1115 1180 1166 secum·

94 1197 260 1295 parandis
277 1223 362 1281 vera
378 1225 400 1270 a
419 1197 515 1270 falsis
529 1199 790 1289 discernamus,
805 1210 845 1270 et
862 1197 1026 1270 abstersis
1035 1199 1178 1270 serioris

95 1306 174 1379 aevi
185 1304 372 1398 sordibus,
388 1305 581 1381 obsoletam
596 1306 822 1406 antiquitatis
832 1304 986 1404 effigiem
996 1317 1179 1403 quantum

94 1413 174 1486 fieri
197 1413 307 1512 possit
328 1439 548 1491 revocemus.

585 1639 603 1720 ς
629 1637 683 1702 10.

21 1821 23 1824 ⁵
141 1834 323 1906 Postremo
338 1859 412 1906 non
434 1832 679 1905 omittendum
703 1845 771 1924 est,
792 1832 1022 1931 Xenophanis
1044 1855 1180 1906 nornen
1253 1892 1257 1898 .

93 1964 200 2039 saepe
218 1939 277 2013 vel
289 1939 519 2014 librariorum
535 1941 673 2012 inscitia
685 1939 746 2016 rel
760 1938 950 2011 literarum
965 1938 1180 2036 compendio

93 2047 332 2146 depravatum
355 2061 421 2120 aut
443 2075 531 2122 cum
557 2047 712 2121 abosum
731 2049 949 2146 scriptorum
970 2046 1180 2120 nominibus

92 2149 344 2252 permutatum
366 2181 451 2230 esse.
472 2158 527 2228 Ita
548 2181 624 2228 non
643 2181 724 2228 raro
740 2182 807 2254 pro
820 2154 1043 2253 Xenophane
1067 2158 1180 2226 Xeno

89 2269 251 2357 phantom
268 2264 443 2360 scriptum
463 2264 690 2361 reperimus:
716 2261 832 2336 veluti
856 2263 896 2334 in
921 2261 1073 2336 Stobaeo
1098 2262 1180 2334 Ser-

91 2395 191 2441 mon.
210 2371 266 2441 tit.
286 2395 360 2468 29,
382 2369 444 2462 qr.
464 2371 521 2444 ed.
539 2369 649 2444 Gaisf.
666 2381 704 2442 ct
719 2370 823 2463 alibi3
843 2369 884 2440 in
902 2370 1051 2442 Homeri
1070 2367 1178 2440 schol.

91 2475 201 2576 layd.
223 2477 268 2550 ad
283 2477 326 2548 Il.
347 2483 378 2550 λ.
396 2505 445 2553 vs.
463 2503 523 2578 27.
536 2479 635 2577 quod
652 2479 790 2551 notavit
799 2476 1055 2550 Valckenarius
1065 2476 1178 2547 Diatr.

91 2583 221 2683 Eurip.
237 2613 269 2658 c.
294 2585 413 2676 XIX,
439 2611 476 2684 p.
497 2585 643 2684 1953in
664 2585 813 2660 Polluce
827 2585 895 2676 VI,
910 2596 995 2658 sect.
1020 2581 1091 2674 46:
1113 2584 1181 2680 qui

89 2715 231 2765 errores
245 2696 321 2787 jam
336 2693 510 2768 duduma
526 2695 609 2768 viris
628 2694 739 2768 doctis
755 2691 933 2764 observati
948 2703 986 2764 et
997 2689 1180 2787 plerisque

89 2796 179 2872 locis
192 2799 326 2872 sublati
340 2812 450 2892 sunt3
472 2802 569 2874 idem
588 2802 720 2876 vitium
738 2801 779 2871 in
796 2795 1038 2896 Etymologico
1053 2795 1180 2894 Hagno

88 2905 163 2980 sub
186 2933 221 2980 v.
240 2899 347 3004 γηράς,
363 2931 581 3006 quamquam
602 2935 622 2980 a
644 2905 877 2980 Valckenario
896 2904 922 2977 l.
945 2904 971 2976 l.
994 2916 1179 2996 notatum,

90 3013 306 3087 novissimus
336 3026 460 3086 tamen
494 3014 610 3086 editor
640 3015 806 3088 Sturzius
840 3011 1001 3112 reliquit.
1040 3010 1180 3097 Erroris

91 3147 218 3196 caussa
243 3147 265 3196 e
288 3119 478 3196 literarum
503 3123 718 3221 compendio
737 3134 821 3195 nata
846 3134 923 3213 est,
951 3144 1026 3219 quo
1049 3117 1180 3192 similia

90 3253 242 3328 quoque
259 3231 428 3322 nomina,
446 3229 562 3308 veluti
576 3236 799 3328 Antiphanes
815 3242 854 3304 et
869 3231 1071 3326 Anaphen,
1094 3253 1179 3302 con·
1326 3301 1335 3314 ,

90 3336 173 3408 fusa
191 3350 301 3434 sunt,
322 3338 369 3411 de
388 3364 461 3436 quo
477 3340 637 3438 cognosci
654 3350 771 3436 potest
796 3363 817 3411 e
840 3337 949 3408 Bastii
976 3335 1177 3408 Comment.

90 3442 273 3545 Palaeogr.
304 3472 340 3544 p.
369 3443 454 3544 793.

142 3550 252 3622 Porro
266 3553 531 3649 Xenophanem
547 3556 656 3626 etiam
672 3577 758 3625 cum
778 3555 970 3621 Xenocrate
989 3555 1179 3645 permuta·

91 3667 176 3728 tum
191 3683 275 3751 esse,
289 3659 395 3732 modo
408 3664 482 3753 jam
509 3661 550 3731 in
562 3658 711 3758 Apuleii
726 3655 872 3728 Floridis
891 3682 928 3726 n.
947 3653 992 3750 57
1010 3651 1177 3742 vidimus,

92 3763 255 3838 eundem
275 3791 433 3839 errorem
456 3767 555 3865 apud
582 3765 795 3838 Strabonem
816 3763 912 3852 XII,
939 3786 975 3858 p.
1001 3755 1085 3832 550.
1102 3756 1177 3829 Ga-

90 3871 194 3943 saub.
230 3885 268 3946 et
292 3872 524 3947 Athenaeum
554 3876 640 3972 epit.
666 3873 695 3942 1.
725 3866 1016 3966 (Schweighaus.
1053 3876 1175 3937 annot.

91 3979 133 4049 T.
152 3979 261 4072 VIII,
281 4007 317 4078 p.
336 3981 440 4081 391.)
461 3984 501 4055 in
519 3980 735 4080 quibusdam
750 3974 931 4051 codicibus
953 3973 1175 4072 reperimus,

90 4087 161 4185 qui
187 4112 253 4185 pro
280 4091 484 4164 Xenocratis
509 4091 655 4164 nomine
680 4092 923 4183 Xenophanem
951 4081 1136 4156 exhibent.
