2842 4884
498 434 714 479 annosorum.
1079 418 1143 483 lto

110 588 167 660 De
200 585 341 659 telluris
365 596 486 658 autem
508 584 748 683 amplitudine
765 586 815 659 sic
838 585 1028 676 credidisse
1046 588 1142 664 vide

62 704 144 786 tur,
160 706 280 767 vastas
291 719 363 767 esse
377 693 636 791 immensasque
653 706 829 766 terrarum
840 693 959 794 plagas
971 722 991 767 a
1002 722 1041 770 se
1053 697 1145 771 invi·

61 828 139 875 cem
168 802 306 875 finibus
332 814 369 875 et
395 805 569 899 temperie
594 802 785 892 discretas,
809 827 966 900 quarum
987 803 1145 877 nonnul-

59 909 116 983 lae
146 910 196 983 ab
222 908 427 981 hominibus
452 932 525 979 non
551 906 757 980 incolantur
785 905 819 977 ³⁵.

112 1017 163 1089 Ut
178 1029 315 1089 terram
327 1015 453 1087 subtus
465 1015 659 1105 infinitam,
674 1014 725 1086 sic
737 1027 949 1112 superterra
962 1016 1145 1090 aetherem

62 1123 134 1195 sive
165 1120 313 1195 coelum
344 1123 430 1195 item
460 1122 644 1193 infinitum
665 1120 781 1212 dixit,
817 1133 861 1191 ut
893 1121 1100 1197 Aristoteles
1122 1122 1147 1161 ³⁶

62 1245 244 1303 memorat
272 1244 311 1305 et
336 1228 559 1328 Empedoclis
587 1252 739 1321 versus,
775 1229 908 1328 quibus
939 1229 1038 1303 illius
1071 1233 1147 1331 opi·

60 1339 215 1409 nionem
245 1338 474 1435 perstringit,
507 1335 705 1430 significant
731 1362 738 1405 :
767 1334 824 1407 hic
847 1336 945 1407 enim
972 1336 1078 1408 ambo
1100 1340 1145 1408 si·

60 1443 140 1515 mul
177 1457 354 1517 memorat
387 1458 425 1517 et
456 1442 612 1532 refellit,
647 1452 783 1539 &crepare
820 1462 874 1538 γῆς
903 1470 935 1513 τε
975 1446 1065 1530 βάθη
1099 1449 1150 1513 και·

60 1544 184 1636 δαψιλὲς
213 1550 317 1641 αἰθήρ.
343 1540 449 1634 Quod
473 1552 594 1611 autem
616 1540 665 1611 ita
688 1544 790 1638 quasi
812 1544 886 1612 duo
903 1541 1042 1613 infinite
1063 1543 1147 1637 poni

61 1649 255 1737 videntur,
277 1651 316 1718 in
337 1674 380 1719 eo
402 1673 474 1718 non
492 1646 716 1719 haerendum
735 1658 817 1717 est:
842 1647 1026 1718 infinitum
1048 1648 1147 1719 enim

61 1752 116 1827 hic
142 1753 324 1851 appellari
350 1766 446 1849 patet
470 1778 552 1825 »non
574 1753 699 1825 subtili
727 1755 892 1843 ratione,
917 1754 979 1827 sed
1007 1753 1148 1853 vulgari

62 1886 193 1956 sensu,
213 1860 250 1932 id
267 1862 362 1958 quod
380 1859 517 1961 nullius
538 1862 590 1933 rei
612 1861 774 1933 terminis
797 1874 962 1958 saeptum
982 1860 1148 1933 latissime

63 1980 202 2065 pateat.
222 1968 299 2041 Hoc
318 1992 402 2066 ergo
422 1968 589 2043 subtilius
606 1970 919 2067 interpretandum
938 1994 1010 2041 non
1032 1981 1095 2043 est
1112 1968 1146 2041 ³⁷.

570 2263 645 2347 §a

117 2536 173 2607 Ile
193 2534 305 2624 mari,
324 2558 434 2631 quem
452 2534 567 2605 omnis
582 2535 718 2607 fontem
740 2536 901 2605 humoris
916 2534 1027 2621 dixit,
1044 2534 1149 2607 modo

71 2641 229 2713 vidimus
253 2664 337 2712 eum
359 2640 408 2711 sic
427 2640 641 2736 praedicasse
664 2668 672 2711 ε
693 2642 868 2738 principio
886 2664 1006 2710 rerum
1023 2639 1149 2710 flucti-

73 2746 138 2819 bus
157 2748 336 2820 inundata
356 2747 461 2819 luisse
474 2749 608 2835 omnia,
627 2748 758 2820 deinde
771 2760 891 2817 autem
906 2744 1149 2819 defluentibus

75 2861 172 2954 aquis
199 2871 368 2929 terrama
388 2856 476 2927 mari
495 2856 680 2929 discretam
703 2881 788 2928 esse.
814 2856 888 2926 Hac
909 2867 1049 2926 terrena
1066 2880 1149 2927 con·

74 2964 260 3054 junctione
297 2963 431 3034 factum
458 2964 620 3059 putavit,
651 2974 696 3034 ut
732 2987 824 3059 aqua
850 2962 987 3031 marina
1010 2960 1150 3034 salsiore

77 3082 163 3141 esset
184 3094 319 3165 sapore.
341 3069 394 3140 De
412 3093 484 3165 quo
508 3068 556 3141 sic
582 3069 691 3147 refert
712 3068 882 3168 Origenes
900 3094 934 3165 p.
948 3091 999 3165 99
1026 3096 1035 3139 ε
1061 3066 1152 3148 Οὗτος

78 3174 118 3270 (ὁ
149 3176 340 3275 Ξενοφάνης)
368 3186 419 3260 τὴν
445 3180 604 3247 &alcen
637 3181 768 3275 ἁλμυρὰν
799 3177 882 3274 ἔφη,
913 3178 962 3249 διὰ
992 3182 1024 3247 τὸ
1057 3182 1150 3249 πολλὰ

118 3444 180 3523 (35)
202 3442 237 3501 In
256 3438 367 3501 Stobaei
386 3439 464 3513 loco,
486 3440 532 3518 qui
552 3440 626 3499 infra
646 3437 817 3515 laudabitur,
836 3450 1024 3499 memorantur
1038 3438 1075 3499 nl
1091 3436 1153 3498 aal-

82 3556 155 3605 ματα
172 3544 223 3602 τῆς
244 3541 297 3604 γῆς
317 3529 363 3592 nul
380 3529 519 3607 ἅπτομαι)
540 3530 587 3590 nal
609 3529 704 3607 (aiam
721 3534 876 3589 tumeliam
892 3554 933 3591 res·
948 3524 1079 3605 iteranti
1099 3538 1150 3595 τῆς

82 3633 129 3691 γῆς
149 3626 194 3686 oin
216 3621 341 3700 οἷιινμίνη
362 3620 409 3697 lo·
425 3623 506 3696 ἡμᾶν.
525 3620 589 3681 Vox
609 3620 739 3699 increpati
762 3622 898 3701 significat
921 3622 1124 3680 abccmdonem
1135 3642 1150 3691 ,·

83 3712 178 3774 deinde
194 3737 296 3787 oram,
316 3716 492 3781 terminum,
504 3724 535 3769 ut
547 3712 622 3792 apud
641 3713 783 3771 Timaeum
799 3712 880 3771 Locr.
893 3731 921 3791 p.
933 3708 1011 3784 5525
1025 3706 1070 3765 ed.
1086 3706 1151 3769 Gal.

83 3796 131 3859 hoc
146 3804 206 3863 loco
220 3816 310 3863 terrae
325 3804 453 3883 plagam
474 3813 562 3860 notat.

122 3916 182 3994 (36)
198 3918 241 3977 De
265 3914 395 3999 Xenoph.
420 3915 486 3976 Zen.
511 3916 598 3995 Gorg.
622 3936 646 3975 c.
667 3916 711 3990 ll,
740 3936 768 3995 p.
790 3910 848 3995 941
871 3910 906 3969 E·
933 3925 962 3971 Ξ.
987 3906 1097 3994 {caepa
1117 3910 1150 3973 π’

86 4029 113 4063 ²¹
133 4009 219 4079 ῥέθος
238 4020 288 4078 τῆς
308 4019 359 4081 γῆς
380 4006 426 4071 nal
447 4018 494 4069 τοῦ
517 4008 593 4089 alipes
612 4006 691 4083 φησὶν
712 4002 784 4071 εἶναι.

124 4120 185 4203 (37)
204 4124 246 4183 Ut
263 4137 360 4185 monet
378 4122 477 4185 Victor
497 4124 600 4184 Cousin
622 4123 641 4183 l.
653 4124 671 4183 l.
695 4144 724 4203 p.
747 4120 796 4180 50.
869 4184 870 4187 ,
