2842 4884
523 437 704 494 amomis.
1109 417 1156 483 47

70 603 113 676 in
137 627 181 676 eo
205 597 432 698 discrepant,
458 593 556 697 quod
581 594 693 688 alter,
714 607 900 668 auctorem
929 597 1009 691 ejus
1033 593 1156 694 placiti

72 738 93 782 a
116 707 313 808 Porphyrio
329 707 605 791 Anaximenen,
619 703 710 776 alter
728 707 969 797 Xenophanem
988 693 1157 775 nomina·

71 828 155 888 tum
168 815 264 888 dicit.
283 812 489 914 Simplicius
501 811 548 886 ad
562 809 794 884 Aristotelem
806 809 910 908 Phys
922 811 958 902 1,
971 835 1008 908 p.
1027 809 1100 881 258
1112 811 1155 881 E.

70 923 141 996 ubi
162 923 221 996 hie
244 933 420 996 memorat
438 948 460 992 a
481 918 668 992 nonnullis
689 925 721 989 τὸ
739 924 825 1016 ὑγρὸν
850 925 902 988 καὶ
926 923 1010 1017 {apia
1032 917 1159 990 haberi

70 1031 275 1132 principia,
300 1031 367 1103 hoc
389 1027 590 1130 placitum,
615 1027 756 1126 inquit,
784 1023 844 1097 alii
867 1026 947 1098 aliis
965 1025 1157 1118 tribuunt,

71 1152 86 1210 ὁ
103 1148 160 1234 μέν
177 1169 217 1210 τοι
235 1145 389 1238 Πορφὺρως
409 1147 572 1235 οἰκειότερον
586 1143 627 1216 εἷς
638 1130 907 1227 Ἀναξιμένην
929 1145 981 1218 τὴν
992 1137 1081 1240 δόξαν
1092 1145 1159 1207 ὠνέ-

70 1253 170 1340 mppe
185 1253 291 1329 ταύτην
316 1255 453 1318 εἰπόντα·

173 1446 212 1523 γῆ
237 1432 287 1496 καὶ
310 1427 390 1524 ὕδωρ
416 1417 508 1498 πάνθ’
524 1423 598 1496 ’ὄσσα
619 1433 744 1518 γίνονται
766 1425 818 1504 ἡδὲ
835 1429 961 1525 φῶντας.

71 1615 228 1688 loannes
241 1611 521 1713 Philoponusad
537 1609 696 1685 eundem
709 1607 832 1683 locum
844 1609 897 1681 lit.
910 1607 960 1702 D,
973 1607 1034 1682 iol.
1058 1632 1072 1681 1
1096 1613 1154 1683 A:

71 1729 270 1822 ὸΠορφύριός
298 1751 394 1823 pm,
423 1727 471 1792 τὸν
499 1723 746 1818 Ξενοφάνην
773 1725 805 1790 τὸ
828 1723 914 1818 ξηρὸν
942 1725 993 1790 καὶ
1014 1725 1046 1789 τὸ
1076 1725 1159 1818 ὑγρὸν

71 1833 193 1917 δοξάσαι
223 1839 336 1928 ἀρχὰς,
364 1841 416 1915 τήν
444 1847 498 1925 γῆν
530 1831 607 1923 λέγω
641 1833 691 1898 καὶ
719 1832 751 1897 τὸ
769 1827 871 1926 ὕδωρ,
893 1833 944 1898 καὶ
968 1825 1052 1925 ῥῆσιν
1076 1831 1160 1900 αὑτῶ

70 1943 274 2036 παρατίθεται
298 1950 376 2009 τοῦτο
396 1937 548 2017 δηλοῦσαν·

171 2145 210 2226 γῆ
234 2134 286 2236 ναῒ
301 2129 381 2226 ὕδωρ
403 2121 485 2200 πάντ’
505 2121 565 2198 ἔσθ
581 2127 637 2200 ἴσα
663 2132 778 2227 φύονται
801 2130 855 2209 ἡδὲ
881 2137 1017 2224 γίνονται.

71 2313 215 2386 Horum
231 2311 352 2388 utrius
371 2337 501 2389 verum
513 2309 560 2384 sit
572 2311 822 2388 testimonium
837 2311 998 2387 dubitari
1013 2315 1160 2414 nequit3

71 2421 100 2494 si
142 2419 296 2520 quidem
324 2421 562 2496 Anaximenis
594 2419 640 2494 ad
668 2426 791 2496 airam
822 2421 943 2494 omnia
973 2423 1161 2498 referentis

71 2526 212 2604 diversa
239 2526 348 2625 plane
371 2528 443 2602 fuit
466 2529 670 2620 sententia,
684 2530 819 2623 utjam
843 2526 993 2600 andis
1016 2529 1115 2602 adh.
1134 2527 1160 2600 Ι.

72 2636 245 2727 monuit,
267 2633 471 2709 Comment.
485 2635 601 2711 Eleat.
616 2661 652 2734 p.
671 2631 734 2728 45.
748 2634 994 2730 Quamobrem
1011 2635 1053 2706 in
1068 2635 1160 2706 Sim-

72 2739 181 2840 plicio
205 2767 326 2817 errore
341 2744 498 2842 quodam
510 2743 657 2816 nomina
673 2753 878 2842 permutata
901 2767 993 2834 esse,
1020 2753 1058 2816 et
1075 2741 1167 2815 Por-.

72 2847 194 2948 phyrii
206 2849 453 2923 testimonium
474 2849 521 2924 ad
540 2849 801 2946 Xenophanem
816 2849 999 2946 pertinere
1015 2873 1090 2920 non
1108 2860 1162 2922 est

72 2954 243 3028 dubium.
274 2955 493 3055 Porphyrius
519 2981 605 3032 vero
628 2981 716 3028 cum
737 2957 781 3027 ‘in
806 2955 955 3027 citandis
982 2954 1161 3053 scriptori-

72 3060 143 3134 bus
164 3087 296 3161 parum
320 3061 482 3162 diligens
495 3063 564 3156 sit,
587 3063 694 3161 possit
717 3063 909 3136 auctoritas
933 3065 1014 3157 ejus
1039 3088 1106 3161 per
1123 3089 1161 3138 se

72 3168 173 3242 haud
201 3169 283 3242 satis
305 3169 409 3242 firma
430 3168 571 3258 haberi,
600 3169 812 3268 praesertim
837 3193 956 3268 quum
981 3181 1161 3268 postrema

72 3301 222 3376 quoque
245 3275 570 3369 versiculirerba,
595 3284 708 3378 ptam
731 3281 782 3360 ἡδὲ
799 3287 946 3374 yonam
969 3278 1163 3375 depravata

61 3408 148 3482 ¹esse
164 3384 401 3482 perspicuum
415 3385 472 3458 sit,
489 3385 676 3460 Incertum
699 3386 788 3461 adeo
810 3397 975 3458 nostrum
991 3385 1085 3458 foret
1101 3385 1161 3479 ju-

72 3490 236 3586 dicium,
261 3492 331 3566 nisi
355 3491 415 3565 hic
440 3519 565 3570 versus
591 3517 678 3568 cum
701 3495 888 3595 superiore
914 3517 1058 3592 prorsus
1078 3516 1162 3565 con-

73 3599 240 3692 veniret,
265 3611 303 3674 et
326 3611 485 3700 uterque
508 3601 604 3674 inter
627 3626 665 3676 se
689 3612 939 3700 comparatus,
960 3598 1053 3671 alter
1075 3595 1163 3670 alte·

73 3705 150 3780 rius
167 3705 276 3780 fidem
306 3718 465 3807 augeret.
498 3708 537 3780 Si
562 3719 687 3784 autem
708 3706 940 3806 Xenophanis
957 3703 1021 3777 hos
1039 3728 1162 3782 versus

74 3839 149 3888 esse
173 3813 388 3915 probamus,
403 3841 477 3888 non
491 3816 572 3890 ideo
595 3815 780 3914 probanda
799 3815 901 3888 nohis
915 3814 1060 3890 videtur
1078 3812 1162 3886 Por·

73 3919 196 4020 phyrii
221 3934 260 3995 et
289 3920 516 4022 reliquorum
545 3923 819 4022 interpretatio,
844 3921 890 3993 ad
917 3927 1163 3994 elementorum

74 4024 274 4101 doctrinam
302 4029 392 4104 haec
418 4029 680 4124 referentium
722 4030 842 4128 potius
870 4026 1055 4127 evulgari
1088 4028 1163 4126 opi-

31 4129 36 4218 [
75 4134 185 4211 nione
196 4136 285 4212 haec
299 4137 392 4211 dicta
416 4138 603 4233 videntur,
632 4151 776 4212 terrena
791 4137 1003 4235 humidaque
1015 4141 1163 4211 maaria
