2842 4884
250 429 314 492 118
657 448 694 486 nn
718 447 911 488 renovamus

245 606 383 676 litatem
396 601 656 698 Xenophanem
677 599 890 671 meditatum
901 624 974 670 esse
990 599 1197 670 testificatur
1214 599 1330 672 etiam

248 714 347 784 Timo
371 708 567 799 Phliasius,
594 708 659 803 qui
687 707 726 777 in
753 704 839 776 sillis
863 731 950 776 eum
984 706 1033 774 ita
1061 705 1144 777 lacit
1168 703 1331 802 loquen-

249 835 322 894 tem
349 818 397 887 ²⁴:

587 913 663 1009 ότόντη
690 937 749 1024 γὰρ
774 935 838 1019 ἐμόν
863 938 921 997 νόον
947 934 1115 1023 εἰρόοαιμι,

297 1055 337 1122 εἰς
361 1047 391 1111 ἓν
415 1047 500 1111 ταύτό
526 1071 555 1111 τε
581 1060 638 1112 πᾶν
666 1045 820 1130 ἀνελύετο,
847 1060 923 1112 ποῖν
953 1043 991 1111 δὲ
1025 1041 1066 1112 όν
1099 1049 1181 1110 αιέἱ

292 1169 415 1249 ,πάντῃ
447 1160 632 1247 ἀνελκόμενον
663 1166 761 1246 μιάν
794 1164 851 1233 εἰς
882 1150 1133 1252 quorcica&
1169 1164 1329 1247 ὁμοίαν.

255 1331 474 1417 Quocumque
499 1331 642 1389 mentem
658 1331 871 1408 convertam,
898 1325 939 1388 in
962 1343 1071 1388 unum
1094 1320 1251 1414 idemque
1264 1327 1338 1390 uni

250 1453 351 1498 versa
376 1434 615 1515 resolventur,
637 1439 741 1520 atque
761 1432 961 1495 universum
977 1426 1068 1520 quod
1089 1433 1228 1497 omnino
1244 1453 1336 1496 sem-

246 1561 382 1629 perque
411 1547 475 1620 ert,
514 1541 554 1604 in
587 1559 691 1604 unam
734 1542 857 1628 cuique
888 1539 1032 1602 similem
1063 1545 1228 1602 naturum
1266 1561 1335 1604 re-

252 1643 392 1712 ductum
420 1646 685 1732 constrinqitur.
709 1639 871 1735 Uterque
900 1650 1021 1708 autem
1047 1638 1105 1708 bic
1134 1640 1336 1735 generatim

253 1747 297 1818 ad
321 1771 465 1818 omnem
492 1770 614 1816 rerum
644 1755 810 1813 naturam
835 1755 872 1814 et
896 1745 1013 1814 omnia
1028 1743 1125 1830 haec,
1155 1768 1248 1840 quae
1270 1772 1335 1816 su-

251 1877 316 1951 pra
349 1865 386 1924 et
420 1850 567 1942 subter,
598 1851 664 1922 hoc
695 1849 868 1949 placitum
902 1851 1093 1940 referunt3
1122 1874 1195 1946 quo
1224 1877 1336 1924 sensu

253 1957 376 2056 plures
399 1959 506 2030 etiam
531 1970 694 2030 veterum
719 1969 966 2054 usurparunt,
989 1959 1027 2026 in
1053 1958 1177 2051 primis
1197 1957 1335 2056 Hippo

253 2079 391 2156 crates,
423 2069 528 2158 cujus
557 2063 704 2136 celebris
735 2063 796 2135 illa
833 2091 900 2136 vox
927 2063 981 2135 ²⁵:
1014 2059 1130 2161 ξόρῥοια
1160 2074 1224 2162 γὰρ
1250 2079 1334 2160 μία,

251 2180 390 2265 σύμπνοια
413 2180 487 2263 μία,
515 2182 609 2241 πάντα
626 2177 797 2262 συμπαθέα.
818 2168 966 2242 Eleatici
988 2185 1109 2242 autent
1134 2197 1209 2243 non
1240 2177 1332 2244 uni-

255 2303 398 2350 versum
423 2275 602 2348 mundum
624 2278 834 2374 cogitatione
858 2274 1059 2372 complexi,
1081 2277 1141 2348 sed
1161 2277 1334 2378 intelligi-

257 2382 367 2455 bilem
389 2395 555 2453 naturam
579 2410 598 2454 a
619 2383 726 2454 rebus
749 2381 999 2478 spectabilibus
1022 2382 1232 2456 abstractam
1250 2412 1337 2457 con·
1420 2395 1421 2430 ³

257 2487 422 2584 templati
442 2500 527 2559 sunt
551 2501 587 2561 et
609 2487 854 2584 explorarunt.
880 2489 1107 2572 Parmenides
1131 2491 1280 2586 quidem
1306 2500 1339 2562 τό

238 2597 286 2694 Ιὂν
311 2620 376 2692 per
410 2620 447 2668 se
476 2595 613 2692 posuit,
651 2595 697 2667 de
726 2621 799 2694 quo
835 2597 883 2666 sic
904 2596 1083 2691 praedicat
1106 2622 1152 2670 vs.
1180 2597 1229 2694 74
1257 2623 1335 2696 sqq.

355 2730 431 2799 Οὐδὲ
458 2730 597 2824 διαιρετόν
620 2737 705 2816 ἐςιν,
735 2734 794 2799 ἐπεὶ
823 2745 880 2798 ποῖν
905 2735 968 2810 ε’ςιν
986 2739 1099 2819 ὁμοῖον,

352 2837 414 2908 ου’όέ
438 2866 464 2905 τι
495 2837 530 2928 ui
554 2839 688 2926 μᾶλλον,
714 2846 746 2905 τό
767 2863 815 2902 κεν
834 2843 918 2929 εἴργοι
945 2865 994 2924 μιν
1019 2842 1206 2924 οννέχεοὲιαι-

353 2943 414 3012 otte
439 2969 466 3010 τι
490 2951 660 3037 χειρότερον.
689 2984 739 2994 -

295 3158 358 3235 (24)
381 3157 462 3237 Apud
480 3158 595 3218 Sextum
618 3159 696 3238 Emp.
718 3158 825 3238 Hypot.
843 3156 942 3236 Pyrrh.
961 3156 994 3226 l,
1015 3157 1064 3215 33.
1084 3168 1150 3216 sect.
1173 3156 1243 3233 ²²4·
1264 3159 1337 3218 Ver·

259 3269 305 3307 sus
325 3248 355 3306 bi
376 3249 452 3328 prius
478 3248 547 3307 mihi
573 3248 741 3308 videbantur
767 3248 857 3306 mutili
887 3260 915 3304 et
945 3246 1050 3306 turbati
1082 3259 1197 3328 propter
1228 3248 1338 3309 hiantia

259 3337 306 3398 illa
326 3338 411 3398 verba
431 3362 438 3396 ι
461 3349 514 3397 rats
535 3337 571 3398 Ν
592 3336 616 3398 όν
638 3337 690 3397 αἰεὶ
712 3336 801 3414 πάντῃ
823 3339 1013 3414 όνελιιόμειιι;
1039 3338 1131 3416 itaque
1157 3339 1339 3420 participium

260 3428 336 3490 istud
357 3421 533 3505 α’νελιιόμειοι
556 3431 653 3488 melius
672 3430 767 3488 abesse
784 3429 917 3510 putabam
940 3443 967 3487 et
992 3429 1031 3489 sic
1053 3427 1228 3507 legendum:

410 3540 1123 3604 κόλίὶ·ιιι,ιηοοι

383 3572 435 3604 παν
515 3572 539 3604 ον
561 3571 703 3628 αειπαιοῃ
721 3572 786 3621 μιαν
805 3569 841 3604 εις
861 3560 938 3619 φοι-ιν
963 3548 1034 3604 ssa&
1061 3570 1163 3619 ομοιιιι.

258 3660 296 3717 ita
328 3657 495 3739 praecedens
522 3678 617 3726 versus
646 3679 759 3716 mancos
792 3658 999 3736 relinqueretur.
1027 3655 1061 3714 ld
1091 3670 1184 3715 autem
1209 3660 1338 3734 quamvis

259 3748 328 3805 mihi
346 3747 485 3828 placeret,
506 3759 612 3806 mutare
637 3757 731 3805 tamen
759 3747 830 3807 nibil
852 3748 949 3815 volui,
974 3747 1136 3827 praesertim
1157 3744 1232 3824 quod
1252 3747 1337 3807 Timo
1417 3736 1418 3740 ¹

260 3838 290 3894 iu
316 3839 442 3898 versibus
461 3839 517 3898 suis
536 3837 698 3916 elegantiam
717 3850 745 3895 et
773 3838 989 3897 concinnitatem
1012 3857 1110 3917 parom
1130 3857 1226 3896 curare
1255 3837 1338 3897 solet.

262 3928 407 3989 Caeterum
430 3952 498 4008 quae
518 3931 660 3990 Fabricius
681 3928 716 3989 ad
737 3930 765 3989 h.
787 3929 805 3988 l.
821 3951 850 4010 p.
868 3928 924 4005 58,
938 3943 997 3989 not.
1016 3929 1050 3989 D.
1069 3941 1199 4004 annotat,
1215 3949 1245 3987 ea
1260 3927 1338 3987 aliud

262 4028 338 4076 certo
358 4040 442 4099 agens
462 4022 604 4102 scripsisse
626 4019 746 4080 videtur.

302 4131 366 4212 (25)
388 4133 470 4213 Apud
488 4134 611 4216 Simplic.
638 4136 720 4216 Phys.
742 4137 805 4210 ΙΙΙ,
824 4137 843 4194 f.
870 4135 945 4209 106,
969 4139 1000 4195 Α,
