2842 4884
210 349 253 410 12
652 365 846 408 xnnornarus

205 547 280 595 esse
302 531 463 594 versatus
486 545 495 590 :
519 544 604 590 nam
633 531 670 592 et
695 525 841 591 Botonis
861 518 1051 612 cujusdam
1072 518 1286 593 Athenien-

204 629 250 699 sis
276 627 377 722 (etsi
404 625 589 721 hujusne
618 651 751 698 nomen
775 625 924 723 quidem
956 638 1093 697 constat
1123 626 1177 725 ²⁰)
1199 651 1288 698 curn

208 733 410 806 auditorem
426 733 534 804 fuisse
556 732 699 823 ferunt,
720 746 757 805 et
770 733 912 804 dictum·
922 733 1002 825 ejus
1017 731 1199 830 quoddam
1215 758 1290 804 me·

205 852 369 911 moratur
380 839 425 910 ad
443 847 570 910 Lusum
584 847 890 925 Hermionensem,
907 837 1185 911 celeberrimum
1202 865 1291 909 mu-

204 947 331 1036 sicum,
345 945 410 1043 qui
425 944 569 1016 Athenis
580 945 679 1043 apud
694 946 943 1043 Hipparchum
960 946 1060 1018 vixit.
1072 944 1292 1018 Plutarchus

204 1079 291 1128 vero
316 1054 425 1125 etiam
452 1053 591 1124 dictum
617 1056 697 1147 ejus
727 1053 771 1124 ad
800 1056 984 1146 Aeqyptioa
1009 1053 1120 1125 refert
1150 1080 1159 1123 ι
1189 1051 1293 1124 unde

205 1161 323 1259 colligi
349 1173 489 1259 posset,
514 1161 607 1234 hanc
631 1186 781 1261 quoque
805 1165 988 1260 regionem
1017 1162 1127 1234 fuisse
1153 1158 1294 1232 abillo

206 1274 459 1372 perlustratam
475 1283 510 1343 ²¹.
541 1274 610 1345 Sed
635 1273 847 1369 hujusmodi
869 1275 1093 1365 testimonia,
1119 1298 1214 1372 quae
1234 1274 1292 1343 in-

207 1393 304 1455 certa
321 1393 359 1453 et
374 1379 491 1452 fallaci
505 1381 698 1451 hominum
718 1380 812 1451 fama
829 1381 1011 1472 nitantur,
1033 1405 1143 1478 quam
1161 1405 1294 1478 parum

207 1501 317 1586 atque
336 1487 424 1559 adeo
439 1484 530 1557 nihil
551 1487 708 1560 habeant
727 1489 949 1559 auctoritatis
972 1512 1028 1558 res
1050 1487 1125 1583 ipsa
1143 1486 1290 1559 indicat.

208 1592 433 1667 Probabilius
457 1605 509 1666 est
521 1593 852 1692 ,Xenophanem
842 1620 881 1664 ιιι
897 1594 1032 1716 'Magna
1053 1591 1202 1665 Graecia
1230 1621 1292 1691 po-

207 1703 384 1774 tissimum
409 1726 482 1774 esse
508 1713 702 1794 versatum,
722 1727 817 1800 quae
834 1702 930 1799 regio
947 1702 1080 1772 Ionum
1098 1713 1292 1776 consuetu-

90 1830 94 1844 ’
209 1793 295 1880 dine
308 1821 344 1881 et
358 1806 506 1879 coloniis
524 1820 604 1878 tum
623 1809 778 1880 maxime
798 1809 1025 1906 frequentata
1044 1819 1131 1880 erat.
1152 1808 1295 1879 Harum

209 1913 398 1990 civitatum
431 1913 630 1988 nonnullae
663 1940 781 2012 quum
809 1942 829 1986 a
859 1914 1020 2013 tyrannis
1049 1927 1292 2036 tenerentur,

209 2047 367 2120 quorum
388 2021 505 2092 Sicilia
522 2048 663 2118 semper
684 2023 755 2093 luit
772 2022 1006 2112 feracissima,
1037 2047 1110 2093 non
1130 2023 1293 2115 mirum,

130 2117 135 2127 ’
209 2127 343 2199 horum
358 2152 504 2225 quoque
529 2154 645 2200 mores
663 2141 701 2200 et
719 2128 836 2200 studia
859 2075 1121 2225 Xenophanem
1136 2154 1210 2201 esse
1227 2155 1295 2201 ex-

207 2246 392 2339 pertum:
416 2260 459 2306 eo
485 2247 581 2307 certe
600 2235 768 2308 refertur
790 2235 930 2306 dictum
955 2235 1136 2334 quoddam
1161 2262 1181 2307 a
1206 2235 1297 2335 qui-

209 2333 420 2412 busdam
389 2367 423 2413 er
453 2327 659 2433 tributum,
686 2368 761 2440 quo
786 2342 894 2437 jubet
924 2364 981 2422 τοῖς
1011 2354 1153 2439 τυράννοις
1185 2351 1297 2438 ἐντυγ-

211 2459 336 2542 χάνει,
370 2447 390 2530 ἢ
428 2461 466 2528 ὡς
494 2451 608 2540 ἥκιςα,
634 2451 716 2534 ἢὼς
742 2451 881 2534 ἧσῆς-αἵ
910 2451 1004 2521 Hinc
1032 2449 1135 2522 facile
1158 2449 1298 2522 lactum

211 2555 375 2642 videtur,
390 2568 434 2626 ut
448 2557 633 2648 nonnulli,
649 2556 714 2653 qui
734 2568 894 2654 tempora
909 2557 1192 2648 confunderent,
1208 2582 1298 2628 eum

210 2661 310 2760 apud
335 2668 521 2735 Hieronem
544 2665 725 2765 Syracusis
747 2677 927 2738 versatum
952 2677 1095 2737 etcum
1119 2664 1297 2763 Agrigen-

212 2773 289 2843 tino
315 2773 518 2866 Empcdccle
552 2773 771 2848 collocutum
802 2785 974 2872 putarent
998 2771 1032 2844 ²³.
1061 2773 1183 2845 Postea
1210 2799 1297 2848 vero

249 2981 316 3064 (²0)
336 2984 454 3064 Diogen.
475 2985 495 3044 l.
515 2988 534 3046 l
558 2989 583 3048 ἐι
603 2989 719 3062 Ζιίγιλιι
744 2999 795 3055 τῆς
823 2985 954 3048 Σιιιλῖιις
975 2985 1102 3067 Μηιβι
1123 2984 1170 3047 ιιι
1196 2990 1221 3048 ἰι
1240 3002 1298 3047 Κι-

210 3077 293 3150 ιιῖιι
315 3071 414 3142 ΜΝ
418 3075 507 3188 r'td'r
537 3108 593 3140 ur
599 3076 787 3156 isauricae*
819 3078 946 3152 adderis,
981 3081 1109 3138 ιιιιτ’
1090 3075 1123 3098 ”
1111 3076 1298 3138 msdllte'

216 3195 280 3229 ιιι
257 3189 296 3227 ιιι
319 3162 464 3232 ἰιιίιΑθη

224 3257 314 3336 (ιι)
336 3210 941 3338 Utrumquedictaminfraretuliinfragm.
952 3256 1084 3319 XXXIV
1108 3231 1136 3316 et
1153 3256 1296 3318 XXXVI

254 3347 315 3427 (ιι)
339 3342 413 3402 lbid.
437 3344 579 3408 XXXIX.

253 3439 316 3518 (23)
336 3435 468 3495 Hieronis
497 3437 603 3498 dictum
627 3460 694 3498 mox
719 3438 926 3498 memorabitur.
954 3439 1044 3512 Quam
1073 3437 1193 3497 multa
1184 3459 1216 3494 nr
1243 3435 1298 3496 hoc

212 3547 315 3610 genere
339 3547 354 3583 a
379 3528 562 3608 scriptoribus
584 3533 686 3610 partim
710 3529 777 3586 licta
794 3529 896 3609 partim
916 3527 1032 3585 confusa
1050 3529 1127 3600 sint,
1152 3547 1234 3584 uerno
1254 3526 1300 3604 ig·
1380 3589 1385 3606 ι

213 3631 307 3678 norat.
334 3616 434 3675 Unum
459 3629 569 3678 tantum
598 3617 756 3700 exemplum
780 3617 958 3691 memorabo,
977 3616 1045 3676 huic
1070 3639 1128 3676 non
1154 3616 1300 3676 dissimile.

213 3706 367 3768 Stesichori
383 3705 521 3781 fabulam,
534 3729 616 3786 quam
633 3709 679 3766 ille
697 3711 728 3765 in
739 3709 941 3767 Phalaridem
958 3720 1111 3789 tyrannum
1129 3707 1214 3780 lecit,
1234 3727 1300 3765 auc·
1353 3769 1360 3776 ‚

212 3811 275 3858 tore
294 3798 443 3860 Aristotele
464 3798 547 3857 Rhet.
569 3799 616 3871 II,
639 3819 678 3856 ιο
697 3800 747 3871 ‚in
770 3801 911 3859 Gelonem
930 3799 1065 3857 transfert
1084 3798 1183 3857 Conon
1193 3842 1203 3870 ‚
1224 3797 1300 3856 Nar-

213 3901 267 3949 rat.
290 3887 340 3966 4²·
362 3892 410 3968 qui
429 3889 523 3948 multis
543 3890 624 3946 annis
649 3889 704 3946 fuit
725 3890 822 3948 serior.
842 3891 948 3951 Rerum
968 3887 1121 3948 similitudo
1142 3901 1300 3968 temporum

215 3979 375 4040 confusioni
397 3981 488 4038 locum
507 3978 596 4040 dedit.
617 3977 804 4060 Xenophanis
823 3980 931 4040 dictum
948 3979 985 4040 ad
1004 3978 1201 4061 Empedoclem
1214 3978 1300 4040 retuli

214 4069 246 4127 in
263 4069 364 4150 fragm.
386 4067 540 4130 XXXVII.
