2842 4884
276 357 322 426 82
716 379 908 424 morcarus

276 563 348 636 que
375 536 592 610 carminibus
615 537 771 626 faceret,
795 536 1051 633 Xenophanem
1081 534 1199 608 adhuc
1220 562 1345 634 super-

275 651 394 738 fuisse,
414 660 478 721 aut
502 647 665 719 notitiam
687 649 982 721 intereosfuisse.
998 647 1118 744 Auget
1129 647 1222 720 hanc
1243 649 1344 722 dubi-

273 755 460 845 tationem,
473 752 569 849 quod
586 751 747 847 ejusdem
760 752 845 825 dicti
860 765 1042 825 auctorem
1062 760 1346 827 Chamaeleontem

273 864 435 935 nominat
459 861 665 934 Athenaeus
686 861 791 952 XIV,
823 887 858 960 p.
876 859 966 952 656,
1000 862 1032 932 D
1059 888 1067 932 ε
1092 861 1223 941 ἕντωςδὲ
1251 862 1287 944 ἦν
1312 875 1346 944 ὡς

272 974 392 1051 ἀληθῶς
407 971 509 1061 κίμβιξ
522 967 706 1062 ὁΣιμωνίδης
719 974 770 1038 καὶ
780 971 1000 1066 αἰσχρσκερδής,
1014 981 1051 1048 ὡς
1064 973 1240 1062 Χαμαιλέων
1252 970 1344 1068 φησίν.

273 1074 514 1169 Quamobrem
542 1074 746 1148 scholiastae
770 1078 982 1166 auctoritas,
1012 1077 1077 1148 etsi
1105 1076 1151 1149 eh
1171 1078 1346 1150 Hemster·

273 1181 381 1254 husio
399 1179 442 1253 ad
455 1179 633 1277 Aristoph.
649 1178 745 1253 Plut.
760 1208 794 1279 p.
815 1180 905 1278 193,
926 1194 963 1254 et
975 1181 1133 1255 Harlesio
1148 1182 1191 1255 ad
1209 1182 1344 1261 Fabric.

272 1287 364 1360 Bibl.
393 1285 519 1360 Graec.
551 1286 588 1357 T.
619 1286 677 1379 11,
708 1312 744 1384 p.
780 1287 849 1379 148
878 1289 1045 1388 probata,
1091 1292 1191 1388 parvi
1226 1303 1345 1365 tamen

271 1392 337 1466 hac
361 1394 401 1464 in
427 1417 467 1468 re
494 1393 709 1466 aestimanda
742 1393 895 1466 videtur.

738 1681 874 1782 ‚xnx'

316 1927 444 2001 Pollux
469 1929 544 2019 Vl,
561 1926 637 2020 46,
666 1953 701 2023 p.
726 1923 808 2023 590.
835 1931 998 2019 Σνκάμινα·
1024 1939 1115 1997 ταῦτα
1138 1931 1170 2000 δὲ
1197 1936 1247 1999 καὶ
1269 1938 1343 2023 μόρα

268 2035 407 2125 Αἵσχυλος
429 2043 597 2127 ὠνόμασεν,
624 2036 709 2111 οὕτως
731 2038 816 2102 εἰπὼν
840 2040 877 2102 τὰ
904 2038 935 2100 ἐκ
958 2051 1008 2114 τῆς
1031 2036 1133 2120 βάτα·
1155 2045 1235 2126 τάχα
1256 2029 1286 2106 ὅ
1308 2035 1343 2103 ἄν

251 2167 311 2247 ,τις
336 2146 386 2208 καὶ
418 2151 539 2236 κεράσια
573 2140 670 2238 φαίη,
705 2145 887 2234 κέρασαν
921 2143 951 2206 τὸ
984 2139 1096 2236 δένδρον
1120 2149 1151 2212 ἐν
1180 2142 1223 2235 τῷ
1248 2145 1344 2238 περὶ

267 2249 434 2342 φύσεως
467 2245 738 2342 Ξενοφάνους
772 2248 872 2337 εὑρών.

314 2346 498 2422 Pollucem
524 2348 612 2421 haec
637 2346 682 2419 ab
715 2344 783 2418 alio
824 2347 993 2444 scriptore
1021 2359 1229 2423 mutuatum
1272 2376 1342 2425 esse

264 2480 339 2526 non
362 2469 415 2530 est
436 2457 600 2529 dubium.
623 2453 786 2527 Primum
801 2454 909 2551 'quod
929 2455 1016 2527 dicit
1046 2468 1189 2550 σιαάμινιι
1209 2457 1256 2530 ab
1276 2460 1343 2532 Ae·

262 2560 406 2661 schylo‚
430 2562 519 2636 adde
546 2591 566 2634 a
590 2560 715 2636 multis
733 2558 832 2650 aliis,
859 2570 936 2656 μόρα
959 2557 1109 2654 (eadem
1130 2588 1223 2660 quse
1247 2590 1341 2638 mora

262 2667 420 2766 latinis)
434 2669 614 2741 nominata
639 2691 737 2756 esse,
759 2665 856 2736 idem
877 2675 977 2752 notat
1004 2677 1041 2738 et
1066 2667 1237 2767 exemplis
1264 2693 1342 2767 pro-

262 2769 325 2844 bat
359 2775 568 2848 Athenaeus
590 2771 649 2863 Π,
676 2797 711 2868 p.
733 2770 844 2861 511),
863 2771 908 2843 ad
935 2796 1046 2868 quem
1069 2770 1190 2847 locum
1214 2776 1260 2848 cf.
1280 2779 1341 2851 Ca-

260 2881 415 2954 sauboni
442 2879 632 2953 Animadv.
657 2903 693 2974 p.
727 2877 818 2970 1043
843 2870 1036 2950 Ruhnken.
1064 2879 1108 2951 ad
1130 2881 1281 2980 Hesych.
1306 2913 1337 2959 v.

260 2999 415 3081 συκάμινα.
440 2988 547 3082 Quod
571 3012 654 3062 vero
680 2983 810 3057 Pollux
833 2985 963 3058 deinde
992 2985 1187 3061 arbitratur
1216 2992 1339 3066 eadem

260 3117 408 3190 quoque
437 3105 559 3190 κεράσια
588 3089 784 3189 appellari,
815 3091 901 3188 quia
927 3093 1047 3189 κέρασος
1075 3093 1179 3166 arbor
1202 3095 1241 3167 in
1267 3099 1339 3172 Xe·

259 3198 435 3294 nophanis
463 3198 601 3296 seriptis
630 3207 823 3269 memorata
852 3198 908 3288 sit,
937 3197 1036 3270 baud
1064 3199 1246 3295 probabile
1272 3217 1338 3304 est3

258 3329 334 3376 non
357 3328 437 3400 quo·
452 3329 580 3401 negem
608 3304 739 3377 factam
761 3326 834 3374 esse
863 3329 882 3374 a
907 3302 1129 3401 Xenophane
1149 3324 1199 3388 τῆς
1220 3322 1338 3406 κεράσω

257 3411 508 3503 mentionem3
535 3411 595 3484 sed
626 3410 654 3482 si
686 3408 749 3481 ille
783 3408 875 3480 hanc
907 3410 1070 3482 arborem
1110 3413 1333 3507 nominavit,

256 3517 387 3616 quidni
416 3517 566 3590 eandem
592 3515 839 3615 significaverit
867 3541 977 3614 quam
1002 3519 1209 3616 posteriores
1237 3548 1336 3595 cera-

158 3683 161 3688 .
255 3649 334 3696 sum
365 3622 629 3722 appellarunt?
657 3621 811 3694 Pollucis
845 3622 1005 3719 opinioni
1042 3648 1162 3696 ansam
1197 3625 1334 3704 dederit

255 3719 484 3827 quorundam
506 3731 695 3802 hominum
720 3755 842 3820 error,
867 3731 933 3829 qui
953 3756 1116 3804 cerasum
1141 3759 1162 3804 a
1184 3733 1335 3809 Lucullo

255 3836 404 3910 demum
428 3866 500 3912 non
529 3837 644 3912 solum
675 3861 718 3908 ex
741 3838 823 3908 Asia
843 3839 883 3907 in
906 3836 1048 3934 Italiam
1083 3838 1237 3914 delatam
1273 3843 1333 3915 sed

255 3943 363 4016 etiam
385 3946 544 4040 primum
566 3943 785 4015 nominatam
801 3943 1036 4040 perhibebant
1055 3973 1064 4018 ι
1081 3944 1166 4021 binc
1191 3948 1332 4022 fortasse

254 4051 451 4146 putaverit,
473 4079 493 4124 a
522 4051 742 4150 Xenophane
766 4050 833 4125 hoc
866 4053 1013 4126 nomine
1041 4051 1149 4130 aliam
1169 4054 1330 4144 arborem
