2842 4884
322 676 535 749 ADDENDA
570 680 626 751 ΕΤ
664 680 965 755 CORRIGENDA.

580 914 717 947 <choo-

109 1185 138 1243 p.
181 1169 209 1221 h.
230 1162 328 1220 Tim'aei
345 1161 535 1224 testimonium
554 1164 627 1220 inter
644 1157 799 1241 fragmenta
821 1162 879 1241 ejus
897 1165 992 1223 retulit
1009 1165 1135 1241 Goeller,
1151 1167 1186 1228 de

232 1259 286 1317 situ
301 1270 330 1317 et
345 1259 413 1337 orig.
431 1258 526 1339 Syrac.
549 1280 578 1339 p.
599 1257 678 1335 264,
699 1262 747 1337 qui
766 1260 832 1319 item
850 1261 950 1339 corrigi
972 1260 1032 1321 vult
1049 1259 1115 1345 ὕχρι
1136 1277 1186 1327 rte

232 1357 313 1438 Kv'poo
333 1356 426 1417 222221
452 1354 561 1439 Δαρείου
571 1356 676 1438 74712222.

109 1470 139 1535 p.
181 1454 210 1536 4.
231 1457 265 1515 ln
285 1457 346 1516 loco
364 1454 612 1534 Theologumenon
632 1475 690 1514 non
711 1454 897 1517 animadverti
908 1501 917 1531 ‚
938 1456 1116 1534 quodetiam
1134 1483 1190 1522 no-

232 1555 374 1616 vissimum
384 1553 518 1614 editorem
538 1552 708 1614 Boechhium
721 1554 811 1633 fugit,
829 1558 995 1636 prudencie
1013 1558 1190 1619 scribendum
1241 1588 1242 1593 ¹

234 1671 292 1710 esse
304 1654 423 1712 denarie
434 1697 442 1725 ,
455 1663 486 1709 ut
505 1652 561 1732 jam
579 1649 685 1709 dudum
705 1652 814 1710 mo'nuit
827 1652 930 1712 Mahne
950 1654 986 1713 V.
1009 1654 1041 1713 C.
1062 1654 1096 1715 dc
1111 1658 1191 1716 h'ris·

234 1755 337 1809 toxeno
352 1770 380 1830 p.
406 1763 464 1808 222
481 1768 523 1826 sq.
545 1748 594 1808 ubi
613 1747 689 1806 hunc
708 1747 800 1808 locum
821 1749 950 1830 explicat.

110 1868 140 1928 p.
167 1847 218 1921 13,
239 1867 268 1904 n.
288 1846 348 1921 25)
369 1846 476 1905 Platon.
493 1844 615 1925 Sophist.
637 1867 666 1925 p.
688 1843 769 1921 224,
790 1846 988 1919 scribendum,
1009 1870 1037 1929 p.
1057 1847 1126 1927 242.
1235 1885 1237 1895 ι

110 1963 141 2024 p.
168 1941 216 2021 24,
240 1965 267 2001 n.
290 1943 344 2020 28)
364 1942 488 2001 Panaetii
514 1942 702 2000 testimonium
726 1939 801 2021 apud
822 1942 904 2021 Diog.
930 1942 1023 2003 Laert.
1045 1944 1089 2003 XI
1101 1992 1111 2021 ‚
1133 1967 1189 2023 22,

236 2040 327 2117 tetigit
346 2040 409 2100 Van
428 2037 565 2119 Lynden,
586 2037 621 2096 de
639 2038 786 2111 Panaetio,
809 2060 838 2119 pt
863 2038 928 2098 115.

111 2156 143 2217 p.
167 2156 223 2209 2ο,
249 2135 268 2195 l.
288 2137 316 2194 3.
336 2135 474 2213 Diogenes
494 2135 525 2193 L.
550 2133 613 2208 lx,
639 2155 690 2208 ro,
708 2134 904 2209 scribendum,
928 2134 988 2209 IX,
1013 2156 1061 2195 22.

112 2255 144 2315 p.
167 2229 215 2300 26,
226 2252 253 2289 m.
265 2230 314 2312 57.
326 2229 372 2290 Ad
381 2232 480 2301 verba,
493 2231 576 2289 etiam
588 2233 722 2310 6227222,
740 2229 860 2289 addend.
875 2232 929 2310 (vel
946 2234 1038 2312 potius
1054 2234 1193 2311 Statirae).

113 2331 226 2408 Fragm.
250 2327 297 2401 Π,
316 2349 348 2407 p.
363 2325 421 2401 36,
441 2326 461 2386 1.
483 2348 509 2406 7.
531 2327 664 2405 Diogenis
683 2338 711 2383 et
732 2326 874 2385 Plutarchi
894 2330 1059 2388 testimoniis
1077 2329 1195 2390 addatur

253 2425 324 2485 hoo:
341 2425 420 2484 Idem
431 2424 569 2503 significat
587 2424 748 2483 Aristoteles
764 2423 798 2482 de
816 2424 891 2483 Xen.
902 2425 975 2484 'Zeu
989 2428 1073 2505 Gorg.
1090 2448 1115 2485 c.
1130 2428 1194 2490 lV:

252 2519 293 2583 2122
313 2520 402 2599 221227
424 2518 514 2581 eineder
536 2519 689 2596 2212221227
716 2522 821 2599 sparti.
845 2520 914 2580 Vid.
933 2522 1049 2581 inferius
1068 2544 1098 2603 p.
1123 2544 1195 2605 129,

254 2643 284 2679 n.
304 2619 352 2698 54.
1101 2684 1103 2691 ,

115 2718 229 2797 Fragm.
254 2718 313 2791 Vl,
333 2621 371 2797 p.l
382 2712 440 2793 42,
459 2733 501 2774 22.
526 2713 553 2774 5.
573 2713 734 2795 Epicharmi
750 2732 818 2791 quos
833 2714 974 2773 attulimus
990 2735 1089 2776 versus
1102 2736 1196 2776 emen-

15 2878 18 2888 ,
253 2814 373 2874 datiores
393 2812 472 2872 dedit
492 2812 528 2872 G.
553 2811 680 2871 Diudorf
688 2859 697 2886 ,
718 2811 911 2894 Aristophanis
931 2813 1029 2893 fragm.
1050 2835 1077 2894 p.
1094 2836 1171 2889 ¹200.

117 2918 228 2994 Fragm.
250 2912 294 2985 X,
315 2933 343 2992 p.
365 2908 421 2992 47,
442 2910 462 2968 l.
484 2911 512 2969 3.
528 2908 684 2990 Simplicius
699 2909 735 2969 ad
747 2912 864 2969 Aristot.
883 2911 966 2991 Phys.
985 2933 1016 2982 1,
1036 2932 1064 2991 p.
1082 2911 1140 2973 258
1162 2914 1196 2973 Ε.

251 3009 430 3082 addendum,
451 3010 472 3067 f.
494 3007 530 3085 42
555 3012 588 3068 Α.

17 3120 20 3131 “
119 3114 230 3191 Fragm.
253 3105 343 3182 xiv,
364 3130 392 3188 p.
425 3106 483 3180 51,
508 3107 527 3165 1.
557 3108 601 3166 23.
623 3104 822 3167 hddendum':
842 3109 1012 3167 Postremum
1035 3111 1199 3170 sententiam

253 3203 337 3266 dines
357 3202 492 3273 d'relert
512 3204 577 3261 item
589 3201 723 3262 Stohaeus
745 3201 862 3286 Eclogg.
877 3206 906 3263 P.
918 3205 965 3277 Il,
981 3225 1010 3284 p.
1025 3205 1068 3282 24.
1079 3205 1198 3272 Heereu.

120 3306 231 3385 Fragm.
252 3300 346 3378 XXI,
388 3324 416 3384 p.
454 3298 515 3376 68,
553 3299 599 3359 lat.
637 3319 709 3359 vers.
752 3320 792 3362 22.
822 3322 851 3382 9.
895 3301 954 3373 ari,
986 3303 1087 3381 corrig.
1125 3302 1199 3363 ssavi.

740 3418 783 3457 vs.
805 3420 834 3457 22
850 3438 858 3457 .
877 3397 991 3465 oribus,
1012 3430 1053 3441 -
1072 3397 1196 3457 lloribus.

84 3577 87 3583 Ι
122 3497 197 3559 11211.
248 3519 277 3578 p.
295 3518 351 3578 72,
372 3516 414 3556 22.
441 3515 484 3554 22.
496 3490 742 3552 hdillustrandam
753 3491 949 3553 dictionemo'le
963 3490 994 3553 el
1010 3490 1094 3571 μέσον
1110 3493 1199 3553 Τ1222-

254 3594 341 3674 gnidi·
352 3593 518 3675 adjungatur
537 3591 632 3651 Alcaei
651 3592 687 3649 fr.
715 3591 789 3672 apud
813 3592 951 3653 Heraclid.
974 3594 1054 3653 Pont.
1074 3614 1102 3675 p.
1123 3589 1198 3670 423,

256 3693 409 3772 inFragm.
432 3691 538 3752 collect.
558 3691 634 3770 Lips.
656 3709 683 3768 p.
706 3691 780 3771 327,
801 3711 829 3749 2.

124 3794 234 3870 Fragm.
257 3790 378 3860 XXVI,
397 3812 427 3870 p.
448 3787 487 3849 82
498 3826 508 3858 ,
528 3787 546 3847 l.
571 3785 615 3847 26.
634 3797 770 3865 espany,
787 3789 887 3866 corrig.
908 3798 1035 3863 242222.

124 3891 235 3968 Fragm.
255 3886 393 3962 XXVII,
408 3910 437 3968 p.
460 3885 509 3946 81.
532 3885 710 3946 Adnotentur
730 3886 797 3945 haec
819 3912 825 3944 ι
848 3888 901 3946 Pro
924 3884 1022 3947 ἑλέτω
1041 3887 1085 3947 212
1104 3886 1202 3947 doctus

258 3983 436 4045 scribendum
458 3985 565 4043 censuit
585 3982 713 4061 βέκχοι,
734 3983 810 4063 quod
830 3985 946 4045 verbum
966 3985 1056 4046 videri
1069 3983 1122 4044 hoc
1143 3985 1203 4044 loco

260 4081 425 4159 desiderari,
447 4082 529 4141 etiam
553 4083 612 4163 ipse
636 4082 920 4154 monuihoheckius
941 4084 971 4143 in
996 4081 1202 4164 Aglaophamo‚

295 4180 322 4248 l.
1015 4180 1056 4250 15
