2842 4884
131 402 134 408 ’
236 404 301 469 168
349 468 355 476 ,
640 424 678 465 on
702 423 894 466 xxxormrs

233 576 391 674 regiones
417 587 455 648 et
481 571 569 646 coeli
605 583 739 644 tractus
762 573 946 672 variasque
979 583 1232 670 tempestates,
1260 587 1315 646 ut

232 689 316 754 aclea
347 686 470 753 aestivi
500 691 536 749 et
555 680 699 750 hiberni
718 677 889 750 dicuntur
908 677 1055 770 3eadem
1068 680 1173 750 dictio
1185 676 1314 752 Grae-

231 788 303 879 cis,
331 786 414 859 licet
437 785 558 855 minus
582 784 833 880 trequentata',
857 783 955 856 haud
980 796 1100 856 tamen
1123 786 1312 882 incognita

230 870 353 965 fuit'ffl.
386 893 513 989 Itaque
543 890 609 963 hoc
629 889 821 986 placitum,
850 890 988 961 infinita
1021 916 1094 963 esse
1108 890 1221 988 sidera
1247 916 1313 962 so-

230 999 354 1095 lesque
390 996 565 1088 infinitos,
600 997 784 1094 geminum
810 1008 862 1067 est
891 994 994 1066 alteri
1021 994 1174 1092 placito,
1205 998 1314 1093 quod

230 1103 335 1177 modo
363 1104 542 1191 vidimus,
571 1102 680 1175 solem
708 1116 746 1176 ct
784 1103 896 1175 sidera
926 1103 1085 1199 quotidie
1113 1104 1307 1195 renovari,

230 1212 320 1300 sive,
352 1222 395 1281 ut
417 1211 462 1283 ab
486 1211 638 1309 Origene
663 1209 687 1281 l.
712 1209 738 1280 l.
763 1208 917 1281 relatum
942 1221 1010 1300 est,
1035 1216 1080 1279 τὸν
1095 1209 1172 1291 ἥλιον
1198 1217 1231 1279 ἐκ
1255 1241 1309 1303 μι-

230 1332 306 1413 κρῶν
331 1319 463 1413 πυριδίων
495 1324 703 1413 ἀθροιζομένων
737 1322 892 1410 γίγνεσθαι
923 1310 999 1384 καθ’
1038 1324 1147 1399 ἑκάςην
1178 1325 1305 1413 ἡμέραν.

230 1421 399 1495 Heracliti
423 1446 570 1519 quoque
585 1422 724 1493 dictum
736 1432 954 1492 memoratur
973 1419 1017 1491 ab
1035 1420 1225 1493 Aristotele
1248 1420 1296 1493 ⁶²:

232 1538 247 1597 ὁ
274 1527 372 1615 ἥλιος,
398 1528 535 1625 inquit,
552 1536 624 1604 ’νέος
650 1519 692 1623 ἐφ’
719 1534 824 1622 ἡμέρῃ,
849 1525 946 1623 quod
968 1524 1194 1623 Xenophanis
1218 1552 1307 1603 sene

232 1635 366 1706 tentiae
392 1632 534 1705 videtur
559 1629 793 1702 simillimum.

279 1738 332 1809 De
356 1736 436 1809 solis
468 1749 590 1809 autem
626 1736 824 1809 defectione
861 1734 1068 1834 explicanda
1095 1748 1178 1808 sunt
1204 1760 1302 1833 quae

232 1842 252 1915 ‘a
277 1844 426 1917 Stobaeo
454 1842 599 1942 aliisque
622 1841 879 1939 interpretibus
905 1843 1145 1915 referuntur:
1171 1852 1249 1913 κατὰ
1272 1848 1307 1916 δέ

231 1978 297 2019 τινα
324 1958 422 2047 tulpia
446 1959 589 2023 ἐκπίπτειν
610 1956 655 2021 τὸν
678 1952 773 2021 δι’σνων
798 1959 837 2028 ε’ίς
862 1978 926 2019 τινα
942 1960 1088 2043 ιἀποτομὴν
1108 1968 1157 2033 τῆς
1182 1969 1235 2045 γῆς
1254 1958 1308 2023 οὖν

231 2062 375 2147 οἰκεμένην
404 2051 449 2153 ὑφ’
472 2069 571 2149 ἡμῶν,
599 2062 648 2125 καί
670 2056 758 2134 οὕτως
779 2061 900 2151 ὡσπερεὶ
919 2057 1148 2146 κενεμβατοῦντα
1170 2056 1305 2150 ἔκλειψιν

231 2167 402 2257 domator.
418 2160 556 2232 Horum
581 2161 774 2232 verborum
797 2185 920 2231 sensus
936 2172 988 2231 est
1010 2186 1018 2231 ε
1044 2161 1215 2256 putabat,
1240 2162 1304 2234 ali-

232 2264 378 2359 quando
405 2264 484 2335 solis
510 2276 623 2336 rotam
647 2266 719 2339 sive
747 2266 870 2337 orbem
888 2263 982 2356 lucis
1009 2264 1220 2338 dissolutum
1242 2268 1304 2339 ab·

103 2408 105 2413 ·
233 2366 346 2441 scindi
383 2384 420 2441 et
452 2372 490 2441 in
527 2383 700 2445 remotam
731 2370 887 2469 aliquam
917 2383 1093 2443 terrarum
1112 2398 1209 2445 oram
1237 2374 1306 2446 de-

233 2473 323 2577 labi3
348 2502 420 2575 quo
439 2476 552 2568 facto,
573 2476 682 2550 solem
709 2503 783 2548 non
806 2474 960 2574 amplius
982 2481 1117 2573 patenti
1139 2477 1223 2551 lucc
1240 2481 1305 2554 sed

233 2608 369 2657 cassum
396 2582 535 2658 lumine
562 2584 724 2682 progredi
751 2596 788 2656 et
815 2584 1004 2657 obscurari.
1030 2584 1116 2655 ldira
1136 2583 1220 2656 licet
1246 2589 1307 2660 vi-

233 2690 362 2765 deatur
381 2690 468 2763 hacc
490 2694 682 2783 sententia,
708 2702 924 2763 nontamen
951 2689 1069 2761 statim
1097 2690 1306 2787 repellenda

234 2809 319 2869 est:
351 2794 526 2869 mirabilia
554 2799 650 2869 enim
679 2797 794 2869 multa
821 2796 1030 2891 hujusmodi
1050 2795 1186 2868 ferebat
1213 2799 1305 2867 anti-

235 2904 374 2999 quitas,
400 2904 606 3000 praesertim
632 2904 672 2975 in
698 2902 913 3000 explicandis
942 2902 1049 2975 rebus
1079 2900 1305 2975 naturalibus

235 3032 391 3104 quarum
418 3037 554 3083 caussas
578 3012 801 3108 rationesque
830 3036 903 3082 non
927 3010 1179 3107 perspicerent.
1195 3010 1303 3103 Quod

235 3111 294 3184 hio
323 3112 556 3213 Xenophanes
586 3116 631 3189 de
660 3115 740 3188 solis
768 3117 963 3188 defectione
994 3116 1205 3187 existimasse
1232 3117 1304 3188 fer-

235 3228 319 3310 tur,
350 3220 447 3293 idem·
471 3248 491 3295 c
516 3221 654 3320 vulgari
679 3222 849 3319 loquendi
877 3247 975 3295 more
1006 3221 1137 3293 dicitur
1164 3222 1209 3293 ab
1234 3224 1305 3295 He·

160 3382 162 3387 .
236 3325 358 3398 rodoto
373 3325 422 3422 ⁶4,
439 3354 523 3401 curn
542 3329 621 3401 solis
635 3329 885 3422 delectionem,
899 3355 992 3428 quae
1006 3326 1123 3401 Xerxe
1137 3330 1176 3400 in
1191 3326 1303 3403 Grae-

275 3621 340 3701 (61)
362 3618 426 3681 Vid.
457 3620 578 3702 exempli
603 3623 691 3699 gratia
719 3621 875 3681 Mitscherl.
902 3619 939 3680 ad
964 3621 1064 3680 Horat.
1093 3618 1148 3681 0d·
1175 3620 1225 3693 II,
1250 3618 1304 3697 16,

237 3730 279 3772 vs.
308 3710 354 3772 18.
374 3710 539 3770 Duker.'ad
560 3708 688 3791 Thucyd.
713 3712 791 3780 VII,
813 3723 885 3769 extr.
906 3730 934 3791 p.
954 3707 1023 3787 504.

278 3838 340 3919 (62)
361 3842 479 3902 Meteor.
507 3841 556 3911 11,
583 3861 610 3899 a.
632 3838 667 3898 Τ.
686 3840 718 3915 l,
741 3860 769 3920 p.
791 3838 850 3920 427
871 3839 908 3900 H.

278 3972 340 4052 (63)
361 3975 440 4037 Stob.
461 3976 601 4039 Plutarch.
627 3974 725 4035 Galen.
745 3974 764 4035 l.
785 3973 805 4032 l.

279 4092 343 4175 (64)
364 4096 501 4159 Herodot.
521 4100 597 4176 Vll,
620 4099 667 4179 37.
