2842 4884
1092 389 1150 431 1111

80 547 211 644 primos
223 543 300 618 illos
323 545 424 643 quasi
449 543 561 618 radios
581 553 770 640 exceptet,
788 542 921 641 quibus
938 540 1064 614 clarior
1081 541 1150 615 hu·
1246 629 1249 635 Ι

81 678 261 751 manitatis
284 675 349 750 lux
370 673 558 774 paullatim
574 671 729 748 adfulsit.

127 873 164 941 Si
188 897 272 945 vero
296 881 415 947 vetera
446 869 508 943 illa
530 869 741 970 diligentius
770 872 934 970 persequi
961 867 1149 961 volumus,

75 1005 115 1075 in
139 1003 269 1077 multas
292 1030 395 1103 saepe
414 1003 625 1078 offendimus
644 1000 891 1095 difficultates,
913 1029 954 1078 eo
972 1003 1149 1095 maxime,

73 1130 172 1230 quod
197 1131 453 1233 plerorumque
480 1133 612 1232 quide
638 1132 693 1204 his
716 1131 925 1206 retulerunt
949 1133 1149 1205 testimonia

76 1274 140 1334 aut
167 1260 299 1338 leviora
330 1275 415 1335 sunt
449 1275 512 1336 aut
542 1261 754 1336 obscuriora.
787 1261 970 1334 Habemus
999 1262 1147 1360 quidem

75 1405 235 1468 auctores
261 1392 331 1467 illis
355 1407 470 1468 aetate
499 1396 699 1494 proximos,
731 1393 915 1466 Platonem
943 1405 981 1466 et
1007 1392 1148 1465 Aristo-

74 1521 206 1616 telem,
229 1549 384 1622 quorum
402 1526 530 1623 scripta
549 1550 623 1597 non
641 1526 750 1622 magis
772 1523 917 1621 ingenio
940 1546 1050 1620 quam
1071 1523 1149 1596 doc·

73 1653 189 1725 trinae
224 1654 324 1753 copia
357 1651 542 1729 excellunt
576 1665 613 1726 et
642 1650 758 1724 multa
794 1652 922 1726 veteris
958 1653 1151 1750 sapientiae

74 1798 314 1858 monumenta
337 1796 563 1877 conservant3
587 1809 716 1859 verum
733 1784 794 1876 hi,
824 1783 891 1856 etsi
921 1808 1025 1881 saepe
1050 1784 1150 1856 anti-

73 1901 249 2013 quiorum
269 1914 362 1988 dicta
382 1926 536 2014 tangunt
559 1925 596 1986 et
614 1913 800 1986 interdum
823 1915 1032 1987 memoriam
1050 1914 1148 1988 cele-

73 2047 203 2140 brant,
233 2059 354 2122 tamen
378 2074 494 2148 quum
518 2073 592 2120 non
619 2047 657 2121 id
680 2060 826 2148 agerent
850 2061 894 2122 ut
919 2051 1148 2148 superiorum

74 2181 226 2252 rationes
242 2193 280 2254 et
294 2178 423 2277 placita
441 2191 684 2278 exponerent,
706 2178 768 2252 sed
788 2191 831 2254 ut
854 2193 997 2280 accepta
1014 2182 1060 2255 ah
1077 2182 1147 2256 illis

75 2309 267 2384 redderent
285 2309 455 2410 ampliora
467 2365 478 2406 ,
490 2335 531 2383 ea
551 2311 774 2409 potissimum
792 2325 1040 2384 memorarunt
1056 2339 1149 2412 quae

74 2440 134 2514 vel
165 2439 354 2514 laudarent
385 2443 453 2542 ipsi
485 2439 543 2516 vel
577 2441 913 2544 reprehenderent,
949 2443 1149 2543 eademque

75 2575 271 2647 sententiae
287 2600 372 2648 suae
388 2573 606 2674 plerumque
627 2576 950 2648 accommodarunt.
972 2575 1146 2648 Patehant

74 2707 183 2779 etiam
211 2718 291 2779 tum
316 2707 502 2780 doctorum
529 2707 654 2780 studiis
679 2708 902 2807 antiquitatis
926 2706 1062 2799 fontes,
1079 2732 1147 2779 ne·

67 2859 140 2934 que
165 2833 271 2936 vulgo
308 2839 562 2910 accuratiorem
592 2860 719 2908 eorum
744 2835 1017 2934 explicationem
1047 2835 1145 2910 desi-

68 2965 263 3060 derahant3
299 2967 441 3066 siquae
464 2965 669 3066 diligentius
692 2964 829 3043 vellent
853 2991 1081 3065 cognoscere,
1102 2993 1143 3040 ea
1217 3022 1221 3031 .

65 3102 107 3173 in
132 3100 401 3172 commentarios
424 3097 583 3173 solebant
610 3100 745 3173 referre
771 3100 870 3173 unde
894 3099 962 3198 ipsi
987 3099 1032 3173 ad
1057 3125 1146 3173 usus

66 3255 148 3304 suos
171 3243 430 3329 expromerent.
457 3231 585 3331 Itaque
603 3243 647 3303 ut
672 3232 839 3306 universa
861 3229 1075 3324 literarum,
1095 3232 1144 3304 sic

67 3361 308 3465 philosophiae
333 3324 476 3436 histoiia
497 3364 653 3463 antiquis
674 3365 747 3436 fuit
769 3388 883 3462 paene
904 3363 1047 3436 intacta.
1074 3364 1143 3436 Ac-

66 3497 226 3569 curatius
249 3495 335 3570 haec
361 3495 526 3595 persequi
552 3496 789 3570 instituerunt
812 3495 982 3589 seriores,
1008 3506 1046 3566 et
1066 3496 1142 3588 jam

66 3624 152 3699 inde
177 3653 196 3698 a
224 3626 485 3726 Theophrasto,
515 3628 689 3732 quicum
716 3627 754 3697 in
778 3625 928 3725 physicis
951 3623 1143 3696 sententias

68 3771 233 3834 veterum
247 3758 354 3833 latius
380 3758 604 3860 explanavit,
629 3772 710 3834 tum
733 3755 904 3858 singulari
922 3756 1030 3829 etiam
1050 3750 1141 3823 libro

66 3889 294 3990 physicorum
333 3890 516 3990 opiniones
546 3890 697 3989 carptim
736 3887 913 3962 enarravit
926 3883 959 3953 ²4.
990 3882 1141 3956 Maxime
1264 3948 1268 3957 ,

107 4119 149 4197 (“)
168 4132 287 4181 ovecus·
306 4120 390 4198 aare.
413 4121 552 4200 satrapas.
