2842 4884
508 392 581 434 vira
604 391 643 432 nr
667 361 792 434 sronrl.
1146 367 1192 432 25

68 627 71 633 .
112 558 188 641 est3
214 547 323 647 idque
348 549 555 648 propagavit
581 549 688 621 etiam
714 546 801 638 ille,
826 569 936 646 quem
961 547 1067 619 modo
1090 544 1190 639 dixi,

112 655 209 725 Timo
237 666 250 724 ὁ
276 659 499 754 Σιλλόγραφος,
528 655 588 726 eui
621 679 740 754 quum
780 653 1009 751 Xenophanis
1039 678 1190 751 persona

112 763 263 836 maxime
284 762 412 834 idonea
433 762 639 853 videretur,
663 762 763 836 hunc
783 763 823 833 in
848 763 1006 834 carmine
1033 760 1190 858 quodam
1232 833 1235 836 ,

112 869 253 942 induxit
292 872 470 968 principes
498 868 719 970 Graecorum
753 871 964 967 scriptores,
996 875 1117 966 politas
1153 879 1192 941 et

111 975 348 1097 philosophos,
361 978 607 1074 increpantem
618 975 654 1048 55.
664 978 761 1049 Haec
777 1002 862 1053 vero
874 975 1041 1049 nonnulli
1055 975 1191 1072 opinati

111 1095 192 1153 sunt
209 1083 289 1154 ab
279 1109 354 1179 1pso
368 1083 587 1180 Xenophane
603 1083 832 1216 praedicata
820 1109 911 1176 esse·
931 1096 973 1156 ut
986 1080 1133 1153 Procius
1145 1082 1192 1156 ad

110 1188 287 1261 Hesiod.’'
271 1217 336 1285 εργ.
363 1221 394 1258 α.
419 1216 453 1286 p.
483 1187 543 1289 67.
572 1191 628 1262 etl.
653 1191 832 1263 Heinsff'*
806 1202 964 1290 Εενοφάνης
987 1192 1036 1260 διὰ
1062 1189 1098 1268 ta'
1126 1215 1191 1259 τινα

110 1301 175 1390 πρὸς
202 1300 262 1373 τοὺς
273 1289 361 1364 καθ
388 1304 437 1366 αὑ.
426 1302 471 1366 ὂν
498 1300 655 1396 φιλοσόφους
679 1305 731 1366 καὶ
760 1305 875 1379 ποιητὰς
904 1301 1094 1393 μικροψυχιαν
1119 1297 1191 1364 otil-

111 1402 258 1480 λουςάτό
264 1432 341 1482 πους
355 1408 582 1498 εκθεναιλεγε
583 1436 613 1474 αι
628 1407 1191 1500 καταπαντωνφιλοσόφωνκαι

109 1528 290 1590 ποιητῶν.
319 1509 400 1603 Quo
416 1511 503 1584 haec
520 1511 589 1582 alio
613 1513 795 1609 pertinere
820 1521 988 1607 possunt,
1012 1534 1122 1606 quam
1146 1507 1192 1582 ad

109 1616 263 1690 Timonis
287 1617 406 1710 sillos,
432 1645 521 1718 quos
540 1619 602 1692 ille
620 1618 749 1692 callide
770 1619 928 1716 profecto
951 1617 996 1690 ab
1020 1619 1101 1714 ipso
1121 1616 1190 1689 Xe-

109 1725 273 1822 nophane
290 1727 400 1798 editos
414 1729 566 1825 putavit.
586 1727 829 1821 Quamobrem
845 1751 962 1824 quum
985 1725 1099 1818 hujus
1120 1722 1191 1796 silli
1279 1772 1287 1786 ·

109 1844 378 1923 memorentur,
396 1859 469 1904 non
495 1833 650 1922 dubium
675 1833 844 1922 videtur,
862 1843 926 1904 aut
944 1858 985 1904 ea
1002 1831 1191 1928 significari

110 1943 264 2012 carmina
288 1940 421 2038 quibus
446 1942 646 2015 Homerum
674 1940 804 2016 aliosve
829 1941 1021 2013 insectatus
1041 1939 1105 2029 sit,
1126 1943 1202 2010 aut

109 2047 262 2120 Timonis
287 2075 409 2123 versus
436 2049 687 2149 intelligendos
714 2075 815 2143 esse,
853 2051 975 2146 ipsum
1009 2072 1093 2122 vero
1126 2045 1192 2118 sil-
1290 2118 1294 2121 ,
1401 2060 1402 2065 ’

58 2227 66 2254 ‚
109 2151 224 2226 lorum
244 2181 357 2254 genus
370 2169 406 2230 et
416 2183 550 2230 nomen
563 2158 776 2256 Xenophani
790 2159 943 2255 ejusque
959 2154 1068 2228 aetati
1083 2153 1191 2226 luisse

110 2262 283 2360 ignotum.

155 2375 326 2470 Happrlat
336 2371 409 2450 sive
424 2378 611 2474 Παρῳδιάι
621 2372 656 2468 55,
671 2400 760 2473 quas
769 2372 824 2445 illi
836 2373 1046 2447 Athenaeus
1056 2369 1190 2442 adscri-

110 2475 179 2570 bit',
205 2482 381 2554 dicuntur
405 2485 562 2555 earmina
591 2509 634 2556 ex
664 2481 810 2556 alterius
829 2481 996 2554 carminis
1008 2477 1192 2551 'similitu-

109 2582 189 2658 dine
209 2587 268 2658 ⁴ita
295 2612 480 2684 expressa,
507 2601 551 2662 ut
576 2614 812 2687 personarum
840 2611 956 2658 mores
983 2582 1041 2661 vel
1057 2583 1190 2655 dictae

110 2692 195 2762 serio
208 2693 249 2764 in
265 2693 461 2766 ridiculum
477 2707 745 2769 convertantur.
759 2696 952 2767 Auctorem
970 2690 1101 2763 horum
1115 2713 1190 2758 car-

104 2793 474 2877 ‘minum'Aristoteles
497 2805 583 2876 dicit
607 2811 828 2898 Heqemoaem
843 2802 969 2892 fuisse,
984 2796 1192 2895 Epicharmi

110 2907 294 3010 aequalem
317 2907 357 3005 ⁵⁶3
383 2911 596 3010 Xenophani
620 2923 744 2984 autem
770 2936 843 2984 nou
867 2906 995 3002 majori
1018 2908 1102 3000 jure
1127 2904 1191 2974 tri-

109 3009 170 3084 bui
189 3028 338 3113 possunt
353 3042 464 3117 quam
485 3018 577 3109 silli,
602 3043 622 3089 a
647 3016 782 3116 quibus
801 3015 864 3087 illa
889 3038 1023 3113 genere
1048 3014 1186 3108 parum

109 3136 208 3193 erant
236 3123 373 3197 diversa
399 3152 406 3197 :
432 3151 517 3197 nam
541 3137 743 3222 utrumque
766 3149 879 3222 genus
902 3118 1017 3193 serius
1039 3119 1191 3190 demum

109 3226 172 3298 nisi
196 3229 412 3324 inventum,
439 3245 561 3306 tamen
586 3233 770 3304 artificiose
796 3229 1032 3327 compositum
1061 3238 1099 3298 et
1127 3249 1190 3296 no-

106 3334 203 3408 mine
224 3336 302 3408 dist
278 3350 366 3412 tt1no
367 3365 432 3412 um
457 3340 564 3412 fuisse
585 3336 769 3436 probabile
791 3349 853 3410 est.
880 3337 1014 3408 'lamen
1040 3332 1128 3404 haec
1148 3354 1190 3402 eo

109 3464 170 3540 per
172 3445 313 3539 tinent,
332 3460 376 3519 ut
395 3445 660 3546 intelligamus,
689 3444 978 3544 Xenophanem
968 3467 1008 3566 ln
1024 3434 1190 3512 carmini-

147 3703 220 3786 454)
235 3708 302 3770 Vid
324 3709 441 3790 Diogen.
463 3711 555 3787 La‘e'rt,
576 3710 641 3788 IX,
671 3731 737 3770 111

148 3802 212 3884 (55)
235 3805 269 3863 ln
293 3805 465 3866 Athenaeo
457 3819 618 3868 mconstaus
641 3818 682 3866 est
702 3808 849 3887 scriptura
876 3802 944 3867 Vid.
966 3801 1027 3861 loca
1048 3768 1146 3858 notai&
1170 3814 1187 3854 ἃ

110 3889 283 3954 Dindorfio
274 3916 305 3955 m
322 3897 457 3957 Athenaei
476 3896 598 3959 editione
622 3898 655 3957 L.
675 3897 722 3969 11,
742 3918 773 3978 p
793 3895 842 3973 54.
860 3894 956 3954 Ε.

111 4079 125 4138 f
149 3989 212 4142 (36)
232 3994 348 4146 Aris3tot.
367 3995 402 4057 de
421 3997 488 4062 Arte
502 4001 568 4077 poet
581 4017 605 4056 c.
624 3997 671 4072 11,
691 4007 719 4056 et
735 4014 803 4074 quae
817 3991 855 4053 ad
873 3992 903 4052 h.
921 3991 941 4053 l.
974 4001 1090 4052 annotat
1107 3987 1196 4048 Grae-

124 4099 156 4161 en
178 4103 213 4142 an
232 4105 261 4166 p.
305 4106 332 4148 2,
