2842 4884
1096 415 1139 458 XV

70 559 246 658 losophiae
271 559 414 632 historia
440 585 512 633 non
535 555 748 658 placitorum
773 563 951 644 notatione
971 574 1138 637 contenta

71 703 146 784 est,
174 689 234 764 sed
263 702 299 763 et
326 689 548 790 singulorum
577 691 731 765 rationes
759 692 902 790 indagat
927 703 964 764 et
989 694 1139 770 nniver-

70 845 144 893 sam
161 845 285 894 eorum
302 821 374 898 vim
391 799 828 918 mentemquepertractat
838 874 849 913 ,
861 833 898 894 et
912 807 949 892 in
963 827 1140 923 cujusque

70 949 268 1050 philosophi
289 976 450 1044 sensum,
475 951 736 1050 cogitationem,
762 952 1005 1026 matnaitatem
1019 953 1140 1052 inqui-

70 1083 140 1176 rit,
174 1107 267 1182 quae
290 1083 358 1156 nisi
380 1085 429 1156 ita
455 1057 701 1183 exponantus,
721 1095 765 1156 ut
785 1066 996 1162 adumbrata
1016 1083 1139 1158 saltem

70 1224 237 1287 cernatur
261 1213 444 1289 vetustatis
471 1212 622 1313 effigies,
647 1215 806 1314 prolecto
828 1214 902 1312 ipsa
925 1213 1141 1312 placitorum

68 1342 219 1440 cognitio
247 1342 301 1440 (si
327 1368 368 1415 ea
393 1354 514 1416 tamen
544 1341 703 1442 cognitio
729 1343 843 1442 possit
864 1329 1063 1441 appellari)
1086 1347 1140 1439 je·

66 1475 158 1566 juna
183 1498 223 1544 ac
248 1496 362 1570 paene
387 1473 502 1546 inanis
529 1473 690 1572 putanda
719 1485 780 1546 est.

118 1693 256 1767 Horum
276 1720 391 1793 paene
416 1693 507 1766 nihil
531 1719 576 1767 ex
601 1693 821 1792 compendiis
842 1693 915 1765 istis
937 1693 1142 1793 perspicias3

67 1851 190 1925 neque
220 1823 336 1899 solum
361 1850 486 1898 manca
515 1838 601 1898 sunt
629 1837 666 1899 et
692 1827 843 1921 jejuna,
870 1824 932 1898 sed
959 1836 1143 1924 praeterea

68 1955 196 2030 multis
216 1957 337 2032 vitiata
360 1955 549 2030 erroribus.
576 1957 663 2028 Nam
689 1982 806 2054 quum
833 1955 972 2056 singula
1001 1967 1145 2028 tantum

72 2099 236 2161 notarent
257 2087 423 2180 decreta,
452 2086 553 2159 nulla
575 2089 711 2161 ratione
737 2089 833 2161 inter
857 2113 895 2160 se
919 2090 1064 2184 juncta,
1083 2087 1145 2160 sed

74 2220 173 2318 quasi
200 2217 362 2292 membra
387 2246 407 2290 a
433 2243 579 2317 corpore
604 2217 767 2312 divulsa,
792 2219 891 2291 omni
919 2227 1147 2318 argumenta·
1224 2240 1226 2245 ·

74 2349 170 2422 tione
197 2347 398 2441 denudata,
431 2373 473 2422 eo
498 2349 633 2422 factum
660 2334 786 2422 estut
815 2347 988 2446 pleraque
1015 2371 1146 2444 parum

74 2490 169 2552 recte
196 2477 467 2578 intelligerent,
494 2479 710 2553 sententiam
739 2476 886 2551 illorum
916 2503 981 2551 suo
1009 2476 1145 2572 judicio

73 2611 400 2705 accommodarent,
421 2623 458 2686 et
477 2637 641 2711 perverse
657 2610 927 2710 interpretando
950 2605 1009 2685 vel
1029 2608 1148 2706 potius

68 2741 320 2842 interpolando
339 2766 466 2817 eorum
488 2754 647 2817 mentem
665 2739 905 2828 obscurarent.
928 2739 1007 2828 Ita,
1026 2760 1149 2809 exem-

74 2874 127 2972 pli
150 2877 276 2976 gratia,
303 2887 463 2952 veterem
485 2874 761 2973 philosophiam,
791 2871 893 2947 nulla
921 2869 1039 2943 adhuc
1063 2894 1148 2966 par-

74 2989 168 3078 tium
181 3087 184 3092 ,
197 3005 459 3088 distributione,
472 3004 644 3098 divisam,
670 3003 725 3076 illi
755 3028 821 3102 pro
845 3025 910 3075 suo
936 2998 1081 3075 arbitrio
1108 2999 1170 3070 in‘

73 3152 169 3212 certa
189 3137 265 3212 loca
280 3139 560 3238 descripserunt,
574 3150 759 3236 certasque
780 3133 1045 3209 constituerunt
1064 3130 1149 3231 phi-

71 3269 301 3370 losophorum
327 3270 449 3346 classes
474 3299 484 3343 :
506 3269 590 3344 alios
614 3269 840 3362 dialecticen,
864 3266 949 3340 ahos
975 3265 1145 3354 ethicen,

73 3402 158 3478 alios
176 3406 318 3507 physica
338 3405 397 3482 vel
419 3405 655 3504 metaphysica
682 3404 841 3479 docuisse
865 3415 1036 3495 narrant3
1052 3401 1147 3473 simi-

72 3533 158 3608 liter
190 3535 235 3610 ad
269 3535 480 3612 methodum
513 3535 596 3610 alios
625 3516 762 3609 faciunt
790 3535 1031 3634 dogmaticos,
1064 3529 1148 3601 ahos

74 3667 266 3766 scepticos;
304 3671 343 3741 in
377 3667 508 3768 quibus
538 3680 658 3741 tamen
689 3665 856 3740 omnibns
883 3666 946 3737 ita.
960 3661 1148 3759 ambigunt

75 3812 111 3874 et
134 3801 230 3875 inter
253 3827 289 3876 se
314 3801 503 3890 dissident,
523 3812 566 3873 ut
590 3797 693 3876 facile
718 3796 964 3896 intelligatur,
990 3794 1055 3864 ista
1073 3817 1157 3864 om·-

73 3929 136 4001 nia
158 3957 231 4004 non
255 3958 275 4006 e
300 3945 477 4010 veterum·
494 3931 702 4006 auctoxitate
726 3929 787 4003 sed
812 3955 855 4002 ex
884 3924 1030 3998 illorum
1054 3922 1148 3994 arhi-

76 4060 145 4132 trio
169 4061 320 4138 fluxuse.
632 4129 635 4136 .

175 4178 202 4246 l.
1020 4196 1040 4238 n
