2842 4884
247 435 281 478 IV

246 599 366 662 menta
387 587 652 662 labefactassent
675 599 712 661 et
737 588 914 686 religionis
940 586 1157 686 virtutisque
1182 589 1316 661 semina

245 719 416 794 divinitus
444 719 484 791 in
515 719 641 792 animis
668 741 784 817 sparsa
816 717 1073 791 exstinxissent.
1100 716 1190 810 Quis
1218 720 1316 790 enim

244 849 377 942 nescit,
403 869 513 947 quam
537 847 644 922 multi
666 872 791 921 eorum
810 848 946 921 fuerint
961 847 1067 939 ἄθεοι,
1083 845 1129 918 ab
1153 846 1236 944 ipsis
1255 871 1315 921 ve·

244 977 381 1052 teribus
403 957 548 1078 suisque
570 977 707 1053 civibus
719 976 909 1051 damnati?
931 976 1029 1070 Quid
1052 975 1167 1077 ergol
1189 978 1314 1071 Eosne,

243 1133 332 1207 quos
352 1105 407 1181 illi
433 1133 452 1181 e
477 1110 678 1185 civitatibus
702 1110 774 1180 suis
797 1106 965 1181 arcendos
987 1119 1230 1200 censuerunt,
1253 1131 1316 1180 nos

244 1239 526 1338 amplectemur,
547 1263 749 1338 eorumque
768 1237 992 1336 disciplinam
1006 1237 1236 1333 jamdudum
1254 1239 1315 1311 oh

243 1369 389 1444 soletum
416 1395 587 1451 renovare
613 1371 714 1446 etin
740 1370 981 1470 philosophiae
1006 1370 1127 1445 lucem
1154 1372 1316 1470 proferre

242 1502 494 1578 studebimus?
621 1511 624 1518 ’

290 1791 507 1891 Hujusmodi
525 1821 609 1896 ergo
629 1799 758 1872 caussis
773 1795 923 1896 aliisque
943 1798 1078 1870 lactum
1101 1807 1177 1886 est,
1196 1806 1240 1867 ut
1255 1821 1315 1871 ve-

239 1939 299 1999 tus
321 1923 541 2026 philosophia
565 1927 689 2001 multis
717 1929 803 2000 olim
827 1929 963 2021 invisa,
988 1956 1008 2000 a
1033 1926 1200 2026 pluribus
1223 1952 1315 2000 cou-

239 2067 352 2128 temta
376 2068 441 2128 aut
467 2068 563 2130 certe
583 2083 714 2155 parum
734 2050 889 2129 studiose
909 2068 1056 2128 tractata
1079 2059 1134 2127 sit.
1154 2053 1314 2154 Longum

238 2183 331 2258 foret
351 2197 388 2257 et
412 2185 457 2258 ab
483 2185 548 2259 hac
568 2185 808 2284 disputatione
828 2185 989 2260 alienum
1006 2185 1051 2257 ad
1073 2183 1160 2258 haec
1176 2183 1315 2284 singula

239 2308 464 2421 respondere.
490 2317 541 2389 At
568 2329 689 2391 tamen
711 2317 793 2417 quis
817 2343 891 2390 non
917 2317 1225 2415 videt,quamvis
1250 2341 1315 2388 ex·

239 2448 397 2524 tollenda
423 2449 468 2522 sit
490 2451 618 2524 merito
646 2451 841 2525 Socraticae
865 2447 1107 2550 philosophiae
1133 2457 1315 2546 praestan-

239 2582 312 2670 tia,
338 2593 375 2654 et
399 2581 562 2681 quamvis
589 2607 716 2655 eorum
738 2581 804 2680 qui
833 2595 938 2656 antea
970 2581 1182 2655 exstitissent
1208 2578 1315 2651 multi

239 2707 378 2782 fuerint
401 2737 536 2785 errores
560 2724 597 2785 et
610 2711 791 2812 ineptiae,
816 2739 889 2784 non
912 2712 992 2785 ideo
1018 2723 1139 2783 tamen
1157 2720 1221 2782 aut
1235 2721 1333 2781 stu--

242 2839 346 2915 dium
384 2843 531 2919 illorum
557 2846 840 2945 vituperandum
867 2859 932 2920 aut
957 2843 1214 2945 philosophiam
1253 2867 1315 2914 ne-

239 2969 441 3070 gligendam
468 3002 564 3068 esse,
589 3001 683 3075 quae
704 2977 774 3050 nisi
797 2976 843 3049 ab
868 2975 1004 3075 exiguis
1030 2973 1141 3047 initiis
1158 2971 1312 3071 profecta

238 3104 417 3202 variisque
441 3104 756 3204 disceptationibus
781 3107 910 3206 agitata
938 3107 1083 3197 fuisset,
1110 3129 1312 3202 numquam

239 3229 319 3304 talis
348 3234 538 3329 exsistere,
563 3236 679 3337 qualis
702 3239 742 3307 in
769 3235 917 3310 Platone
941 3248 978 3310 et
1003 3232 1190 3309 Aristotele
1217 3235 1311 3327 fuit,

238 3363 419 3461 potuisset.

287 3685 465 3760 Nimirum
492 3683 635 3759 difficile
660 3699 698 3759 et
720 3675 875 3761 arduum
901 3687 972 3762 fuit
994 3689 1063 3760 iter
1089 3687 1136 3760 ad
1153 3685 1312 3784 philoso-

240 3818 363 3916 phiam
377 3848 385 3893 :
401 3821 603 3914 nonenim,
622 3833 666 3894 ut
690 3833 829 3895 ceterae
852 3833 961 3915 artes,
975 3819 1032 3897 vel
1047 3821 1086 3891 in
1102 3845 1226 3892 rerum
1241 3843 1312 3891 usu

240 3963 277 4021 et
301 3949 488 4025 oculorum
511 3952 681 4052 adspectu
697 3955 807 4052 posita
824 3952 883 4030 vel
896 3953 1019 4030 divino
1034 3950 1189 4049 quodam
1211 3973 1311 4021 men·
1378 3972 1381 3978 ·

238 4079 282 4154 tis
294 4080 466 4157 instinctu
481 4086 630 4159 excitata
649 4097 711 4178 est,
737 4086 798 4158 sed
821 4097 988 4160 remotae
1009 4080 1193 4157 communi
1205 4103 1310 4157 sensu
