2842 4884
241 402 305 467 190
642 420 680 461 nn
703 419 896 463 xnuoruirus
984 470 990 481 Ι

239 571 482 670 Xenophanes
508 568 553 640 ab
585 568 720 641 incerta
753 595 877 642 rerum
906 582 1035 642 natura
1064 596 1320 672 sensuumque
1419 570 1420 623 1

237 677 495 754 consuetudine
510 686 670 748 mentem
695 689 880 766 avocaret,
901 690 938 749 et
962 677 1148 752 extolleret
1164 680 1209 754 ad
1226 707 1322 754 con·
1419 704 1420 763 g

237 787 439 888 cipiendam
468 782 567 855 illam
598 781 792 855 divinitatis
820 784 1028 874 notionem,
1060 812 1169 884 quam
1198 815 1322 862 unam

241 919 315 974 esse
340 917 462 968 revera
491 902 527 962 et
550 901 732 991 aeternam
754 890 854 962 dixit.
886 890 955 963 Sed
983 894 1189 989 quaeritur,
1219 920 1324 968 num
1419 956 1420 961 ,

236 1009 276 1077 in
302 1004 416 1098 ipsam
447 1020 592 1095 quoque
619 1009 665 1067 rot
689 997 767 1076 ὄντος
792 1010 960 1069 naturam
984 994 1120 1071 dictum
1146 1002 1190 1072 sit
1216 1001 1323 1074 illud

236 1117 314 1189 δάκος
336 1100 366 1178 δ’
390 1113 434 1179 ἐπὶ
453 1122 524 1177 πᾶσι
547 1114 689 1176 τέτυκται.
718 1106 816 1176 Timo
833 1106 980 1203 quidem
999 1107 1181 1204 Scepticus
1194 1108 1321 1182 Xeno·

236 1220 391 1317 phanem
415 1214 554 1286 inducit
577 1224 808 1311 querentem,
833 1214 931 1310 quod
961 1242 1009 1289 ne
1046 1217 1122 1288 seni
1163 1218 1332 1315 quidem,
1419 1220 1420 1293 i

235 1321 434 1421 contigisset
458 1342 587 1395 verum
613 1321 814 1417 perspicere
841 1330 893 1389 ¹⁰:

332 1474 383 1554 Ὡς
409 1481 460 1544 καὶ
481 1482 555 1569 ἐγὼν
576 1474 676 1574 ὄφελον
700 1486 812 1547 πυκινοῦ
837 1484 896 1547 νόω
918 1478 1103 1573 ἀντιβολῆσαι

331 1585 607 1681 ἀμφοτερόβλεπτος·
632 1584 710 1675 δολίῃ
731 1578 758 1652 δ’
782 1584 840 1679 ὸδῷ
864 1588 1072 1683 dioscorides·

331 1692 531 1787 πρεσβυγενὴς
553 1683 594 1757 ἔτ’
625 1694 678 1759 ἐὼν
699 1695 750 1757 καί
776 1697 972 1787 &revisisse-os
997 1703 1109 1774 ἁπάσης
1192 1756 1197 1768 2

330 1824 531 1877 σκεπτοοιινης.
598 1886 602 1895 ¹

124 2008 128 2020 '
233 1992 336 2085 Quae
358 1984 542 2061 obscurius
570 1985 662 2061 dicta
692 1990 741 2060 sic
770 1992 861 2063 verti
887 1992 1020 2086 possint
1049 2018 1057 2062 :
1089 1998 1229 2063 Utinam
1253 2020 1310 2065 ve-

234 2124 298 2169 rne
319 2106 442 2169 mentis
466 2109 642 2189 compotem
668 2122 740 2167 esse
763 2103 854 2167 mitt
873 2104 1069 2192 oontiqisset
1077 2150 1092 2185 ,
1120 2103 1181 2193 qui
1202 2126 1312 2171 senex
1419 2104 1420 2107 ’

235 2210 338 2275 etiem
355 2209 395 2272 in
414 2202 659 2273 considerando
673 2208 856 2273 inluoinor
873 2200 1038 2298 (ancipiti
1052 2211 1143 2275 enim
1161 2212 1216 2276 via
1230 2232 1312 2277 sum
1419 2240 1420 2297 j

235 2306 418 2403 deeeptus)
444 2313 544 2378 etin
573 2314 666 2377 omni
692 2308 935 2402 disceptatione
965 2338 1042 2382 sum
1068 2312 1260 2406 ambiquua.
1285 2338 1307 2382 u

235 2412 292 2489 Sic
309 2415 416 2489 etiam
441 2413 502 2485 alii
520 2414 777 2511 Xenophanem
793 2416 937 2490 sensisse
951 2416 1102 2509 dieunt,
1123 2419 1212 2490 nihil
1232 2443 1310 2490 om·
1419 2398 1420 2481 ἶ

276 2674 345 2756 (ιο)
367 2675 449 2735 Timo
468 2672 542 2755 apud
556 2674 635 2733 Sext.
649 2672 756 2753 Empir.
774 2674 911 2755 Pyrrhon.
927 2678 953 2749 1,
975 2689 1040 2735 sect.
1060 2676 1134 2755 224,
1150 2700 1177 2759 p.
1190 2674 1237 2739 58.
1262 2680 1312 2756 qui
1419 2690 1420 2757 j

202 2800 205 2808 ·
236 2778 267 2825 ut
282 2767 313 2824 in
333 2765 482 2826 verborum
497 2784 548 2821 usu
568 2783 649 2847 saepe
672 2763 794 2821 insolens
817 2776 878 2837 est,
899 2765 982 2825 etiam
1001 2764 1047 2824 hic
1064 2766 1196 2825 nonnulla
1213 2760 1311 2846 paruin
1419 2766 1420 2769 ’

235 2858 379 2941 perspicue
399 2855 481 2915 dixit.
501 2854 773 2935 Ἀμφοιιρᾶβλεπτος
791 2855 908 2914 Brandis
924 2858 1042 2937 interpr.
1066 2870 1219 2937 utramque
1239 2882 1311 2936 par·

236 2962 293 3007 tem
309 2960 395 3005 caute
414 2949 666 3025 circumponas,-
687 2958 716 3003 et
741 2945 794 3005 hoc
817 2962 914 3027 porum
942 2944 1074 3006 convenit
1096 2968 1158 3005 cum
1185 2948 1312 3026 eoquod
1419 3012 1420 3015 ,

236 3036 414 3119 subjungitur
438 3062 446 3097 z
470 3034 553 3113 δολίῃ
581 3036 671 3117 did?
707 3039 786 3111 ἑξοοι.
813 3040 972 3118 Composita
1000 3056 1062 3098 cum
1097 3038 1170 3116 ἀμφὶ
1200 3052 1228 3099 et
1256 3044 1312 3116 οἱμ-

236 3127 343 3208 pinpo
372 3147 451 3207 saepe
470 3129 664 3189 dubitationis
695 3139 723 3187 et
758 3128 964 3207 ambiguitatis
987 3127 1091 3188 habent
1119 3132 1194 3202 vim;
1216 3132 1312 3209 itaque
1419 3166 1420 3171 κ

235 3216 495 3300 ἇμφοτιρέβλιτιοι
522 3220 608 3299 intpr.
633 3223 666 3278 in
688 3218 902 3276 considerando
926 3220 1074 3294 incertus,
1098 3220 1279 3279 halucinans
1300 3268 1310 3297 ,

236 3312 320 3371 simili
329 3331 411 3370 sensu
427 3332 482 3389 quo
491 3313 754 3392 οἱμφοοορέγλοοοος
768 3309 858 3367 dictus
866 3320 907 3366 est
919 3307 994 3368 Zeno
1004 3309 1152 3369 Eleaticus.
1163 3312 1254 3391 Major
1266 3326 1310 3371 est

236 3400 385 3462 difficultas
403 3400 434 3457 in
450 3413 579 3482 corrupta
600 3420 669 3460 voce
689 3397 882 3479 ἱπειθοίφιςος.
905 3396 1087 3457 Schneiderus
1097 3444 1106 3473 ,
1128 3402 1175 3478 qui
1193 3402 1309 3479 corrigit

173 3503 176 3508 '
235 3491 435 3573 οἱοοομφοίριςος,
446 3512 503 3550 non
516 3492 595 3570 longe
606 3512 697 3551 arero
707 3492 801 3551 abesse
820 3488 946 3563 videtur,
962 3489 1016 3547 nisi
1032 3490 1107 3567 quod
1123 3511 1226 3569 negans
1241 3512 1308 3571 par-

235 3586 321 3647 ticuia
335 3586 368 3646 a's
387 3614 427 3627 -
444 3600 501 3639 non
522 3580 689 3639 conveniens
710 3594 760 3641 est.
776 3576 944 3659 Ἀμφοίοιςος
963 3576 1019 3653 (ab
1037 3575 1110 3659 ipss)
1132 3580 1201 3659 sign.
1216 3579 1310 3657 ἐμφῖ-

235 3692 317 3750 βολος
326 3722 337 3749 ,
356 3670 527 3753 οίμφίλογοο.
549 3671 644 3730 Potest
662 3683 773 3741 autem,
795 3684 826 3730 ut
846 3669 932 3729 mults
950 3664 1069 3727 verbalia
1089 3672 1119 3728 in
1138 3694 1203 3745 τοι,
1222 3674 1309 3731 etiam

237 3770 326 3828 active
351 3765 438 3847 poni,
461 3762 524 3843 pari
546 3758 749 3839 significatione
769 3773 796 3817 et
819 3780 869 3819 usu
894 3779 948 3837 quo
969 3756 1162 3837 οἱμφίλεοιτος,
1185 3766 1218 3819 in
1238 3750 1309 3819 corr-

238 3856 422 3913 tendendoet
439 3850 617 3931 disputando
634 3850 757 3927 anceps}
780 3848 854 3927 quod
872 3848 902 3907 h.
921 3849 941 3906 l.
966 3870 1117 3927 congruum
1137 3862 1188 3909 est.
1209 3850 1309 3927 ltaque

238 3944 431 4023 corrigendum
455 3951 548 4024 puto:
573 3942 620 4001 ἐπ’
642 3937 794 4020 ipseipse-os
819 3938 932 4009 οἷοιοὶοης
958 3964 1059 4000 essm.
1080 3940 1125 4002 vel
1144 3960 1200 4014 uno
1219 3958 1307 4000 roos-

238 4034 305 4093 bolo
323 4033 526 4115 ἑπομφοίμςοι,
546 4044 578 4090 ut
601 4028 646 4092 iri
668 4030 706 4090 ed
726 4048 781 4109 seq.
800 4032 953 4111 genitivum
976 4031 1123 4111 pertineat.
1143 4031 1233 4105 Quam
1252 4048 1307 4112 pa·

238 4142 300 4182 rum
321 4143 353 4182 ao
371 4142 457 4203 paene
475 4123 545 4182 nihil
562 4121 615 4181 hoc
635 4120 720 4181 distet
740 4142 755 4179 a
773 4120 850 4199 vulg.
875 4121 1027 4201 scriptura,
1050 4122 1148 4198 cuique
1169 4132 1255 4200 patet.
