2842 4884
219 380 260 443 16
665 399 859 442 xenornms

123 627 126 633 ,
216 551 434 626 veetioribus
464 551 655 622 hominum
682 551 861 651 ingeniis,
891 551 989 623 haud
1020 561 1187 648 poterant
1215 575 1312 648 pro-

215 659 322 731 bari:
355 659 502 729 mutatis
532 659 630 730 enirn
659 657 906 755 temporibus,
925 655 1046 738 ,simul
1073 668 1214 729 mentes
1240 657 1312 729 ho-

216 769 360 839 minum
377 777 480 839 erant
498 777 670 838 mutatae.
683 764 766 858 Quo
779 765 915 836 factum
929 776 999 855 est,
1019 776 1063 836 ut
1083 763 1311 862 philosophi,

218 900 305 948 cum
318 873 381 944 has
393 870 534 943 fabulas
549 871 593 943 ad
617 873 694 947 veri
716 873 879 969 rectique
905 871 1080 943 rationem
1103 871 1309 961 referrent,

215 1007 273 1056 eas
307 992 350 1052 ut
382 979 544 1077 indignas
577 991 614 1051 et
648 980 800 1051 nefarias
832 978 1090 1075 repudiarint,
1124 990 1233 1076 atque
1264 980 1314 1050 in

217 1091 309 1187 ipsos
331 1099 491 1159 auctores
503 1087 706 1185 gravissime
721 1087 855 1159 invecti
873 1090 954 1158 sint.
970 1087 1027 1158 Sic
1047 1087 1311 1184 Pythagoram,

215 1208 261 1268 ut
283 1195 445 1266 homines
467 1221 487 1264 a
511 1192 642 1266 fabulis
664 1194 738 1264 istis
758 1193 978 1284 deterreret,
996 1193 1137 1265 finxisse
1155 1194 1307 1285 ferunt,

216 1327 279 1392 se,
305 1327 389 1374 eum
416 1301 460 1372 ad
483 1300 615 1373 inferos
639 1300 899 1390 descendisset,
928 1299 1055 1372 vidisse
1087 1299 1139 1370 ihi
1161 1300 1318 1372 Hesiodi

217 1397 375 1479 aniinam
408 1406 599 1479 columnae
626 1432 759 1479 aeneae
789 1405 971 1503 alligatam
995 1405 1311 1504 stridentemque,

215 1515 414 1588 Homerum
438 1515 526 1586 item
546 1514 765 1611 pendentem
784 1515 823 1585 in
841 1513 967 1585 arbore
985 1513 1211 1610 serpentibus
1232 1514 1313 1584 cir-

216 1622 449 1709 cumdatum,
477 1645 602 1692 eorum
631 1647 752 1692 caussa
778 1646 872 1719 quae
900 1620 945 1692 de
968 1619 1050 1690 -Diis
1073 1617 1308 1692 finxissent³¹.

216 1732 313 1802 Haec
326 1754 409 1826 ergo
424 1727 661 1826 Xenophanes
674 1753 793 1825 quum
810 1753 885 1798 non
900 1727 1021 1798 minus
1036 1722 1180 1798 morum
1194 1752 1311 1824 quam

215 1835 396 1934 religionis
427 1835 604 1906 sanctitati
627 1835 809 1907 contraria
840 1859 913 1907 esse
942 1832 1145 1927 judicaret,
1177 1835 1312 1906 acriter

218 1945 420 2041 increpavit
436 1947 564 2015 eorum
581 1941 763 2029 licentiam
778 1953 815 2013 et
827 1943 1020 2038 utriusque
1038 1938 1191 2033 fabulas,
1208 1967 1311 2038 prae·

219 2062 343 2131 sertim
368 2059 537 2150 Homeri,
564 2057 677 2130 libera
704 2057 928 2130 cavillatione
954 2059 1163 2154 perstrinxit
1186 2072 1224 2131 et
1245 2086 1310 2133 re-

217 2165 361 2262 darguit
375 2163 409 2235 ³².
448 2164 692 2261 Quamobrem
721 2193 741 2236 a
771 2166 918 2237 'limone
950 2164 1164 2263 sillographo
1191 2166 1310 2240 facete

215 2268 432 2369 Ὀμηραπάιης
460 2280 641 2355 ἐπισκώπτης
664 2271 867 2371 appellatus
893 2269 993 2345 est³³.
1031 2271 1114 2365 Quo
1129 2304 1131 2307 ·
1149 2277 1311 2372 pertinet

211 2448 215 2455 ’
258 2452 540 2528 (31)Narrationem
568 2451 641 2512 hanc
668 2453 755 2512 refert
785 2454 905 2532 Diogen.
931 2452 963 2512 L.
996 2453 1083 2527 VIII,
1108 2475 1167 2529 21,
1193 2467 1310 2517 auctore

218 2545 392 2624 Hieronymo
414 2545 618 2624 Peripatetico,
639 2543 719 2626 cujus
746 2543 832 2604 fidem
851 2543 952 2625 probat
975 2543 1166 2616 Tiedemann‚
1192 2546 1309 2606 Griech.

218 2645 291 2692 erste
307 2634 410 2693 Philos.
424 2655 453 2714 p.
466 2632 544 2715 407,
563 2635 652 2715 rejicit
668 2655 736 2696 vero
753 2634 875 2692 Meiners
898 2633 1065 2693 Geschichte
1084 2632 1112 2692 d.
1128 2635 1306 2695 Wissensch.

217 2724 256 2783 T.
276 2725 309 2799 I,
332 2747 360 2806 p.
383 2723 443 2806 294
464 2744 505 2802 sq.
527 2723 591 2783 ideo
611 2726 775 2804 praesertim
792 2722 868 2802 quod
888 2723 1058 2804 Pythagoras
1078 2729 1225 2804 poetarum
1246 2726 1312 2786 illo-

217 2835 281 2874 rum
301 2817 425 2874 carmina
444 2815 559 2874 maximi
578 2816 684 2873 fecerit.
702 2818 834 2875 Attamen
850 2812 982 2871 admirari
1002 2814 1095 2893 potuit
1109 2833 1206 2873 eorum
1228 2817 1310 2895 inge-

219 2908 316 2980 nium,
340 2906 451 2966 laudare
478 2906 593 2964 virtutis
614 2917 761 2988 praecepta
786 2916 813 2963 et
840 2904 985 2986 exempla,
1016 2905 1115 2982 quibus
1143 2905 1308 2983 abundant,

219 2996 379 3074 vituperare
402 3008 495 3053 tamen
515 2995 642 3054 fictiones
663 3009 691 3055 et
716 2994 845 3067 fabulas,
876 3014 944 3072 quas
969 2992 1004 3053 de
1032 2995 1093 3052 Diis
1116 2997 1309 3074 protulissent.

219 3084 345 3144 Platonis
365 3083 523 3164 exemplum
542 3083 573 3143 id
593 3085 659 3143 satis
678 3085 790 3166 probat.
810 3085 889 3144 Licet
907 3104 974 3143 vero
995 3083 1170 3163 Pythagorae
1189 3084 1219 3144 id
1236 3087 1308 3148 falso

206 3165 356 3232 ¹tributum
384 3173 420 3230 sit
445 3173 533 3250 (nolo
562 3175 636 3232 enim
659 3174 847 3254 praestare),
885 3172 973 3231 nihilo
997 3174 1089 3233 minus
1116 3173 1176 3253 ejus
1208 3178 1309 3237 aetatis

220 3263 309 3322 menti
329 3260 442 3322 videtur
460 3261 709 3322 accommodatum.
732 3265 838 3322 Notum
857 3275 918 3337 est,
937 3261 1005 3339 quid
1024 3263 1181 3322 Heraclitus
1199 3265 1230 3322 in
1247 3266 1310 3326 Ho-

220 3372 328 3411 merum
347 3351 471 3422 dixerit,
493 3364 677 3411 memoratum
699 3375 715 3412 a
733 3354 859 3432 Diogene
879 3353 911 3410 L.
931 3350 997 3423 IX,
1019 3365 1084 3413 sect.
1113 3373 1135 3410 1.
1189 3385 1192 3391 ι

259 3441 325 3522 (3ι)
348 3442 422 3500 Clar.
444 3442 543 3504 Victor
564 3443 669 3503 Cousin
690 3443 710 3501 l.
731 3443 752 3501 l.
777 3465 804 3523 p.
827 3442 865 3525 57
888 3442 986 3501 dicit:
1013 3466 1028 3498 ιι
1051 3443 1223 3503 Aulo-Galle
1243 3449 1310 3526 pre-

220 3531 289 3592 tend
313 3552 366 3610 que
393 3532 571 3612 Xenophane
596 3533 729 3614 pre'ferait
753 3534 875 3591 Hesiodo
897 3535 914 3590 a
936 3532 1057 3590 Homere
1077 3556 1092 3588 n
1120 3544 1173 3591 etc.
1200 3537 1229 3592 in
1253 3557 1309 3613 quo

140 3671 143 3678 .
219 3622 289 3682 levis
314 3620 449 3700 quaedam
472 3623 580 3680 incuria
602 3623 694 3683 virum
718 3622 928 3682 celeberrimum
955 3621 1066 3701 fefellit.
1091 3627 1126 3682 A.
1149 3624 1256 3684 Gellius
1277 3630 1309 3688 in

221 3713 283 3772 loco
295 3733 404 3790 ,quem
421 3712 468 3770 ille
489 3711 604 3787 laudat,
626 3713 662 3772 N.
683 3718 717 3772 Α.
735 3714 796 3787 III,
817 3735 868 3789 11,
887 3712 922 3772 de
941 3712 1084 3790 utriusque
1104 3725 1201 3793 poetae
1220 3729 1310 3778 aetate

223 3758 347 3879 loquitur
366 3815 394 3860 et
421 3800 604 3882 Xenophanis
624 3803 815 3862 testimonium
834 3803 953 3885 profert.
974 3803 1038 3883 Ipsa
1057 3805 1145 3863 verba
1165 3805 1309 3866 attulimus

224 3891 326 3970 fragm.
346 3891 465 3951 XXXI.
486 3892 570 3951 infra.

267 3983 331 4057 (33)
353 3981 431 4039 Sext.
455 3981 563 4062 Empir.
586 3980 725 4064 Pyrrhon.
751 3984 775 4042 I.
798 3996 866 4043 sect.
888 3982 957 4060 224.
979 3983 1098 4061 Diogen.
1126 3984 1158 4042 L.
1178 3983 1234 4044 IX.
1264 3984 1309 4045 18.

224 4069 302 4148 adq.
323 4068 340 4126 l.
357 4067 489 4129 Kiihnius
507 4072 623 4156 corrigit
638 4070 851 4154 opopanace,
864 4077 1031 4132 Homerum
1046 4074 1192 4146 caleana;
1210 4073 1310 4152 quodsi

221 4158 421 4242 ῗομηραπιίτις
440 4181 493 4243 pro
514 4160 654 4243 adjectivo
675 4164 836 4226 habendum
855 4175 947 4240 esset,
972 4175 1004 4222 ut
1026 4163 1148 4244 positum
1170 4175 1212 4224 est
1233 4164 1310 4247 apud
