2842 4884
282 380 329 443 22
727 400 917 443 unicornuus

280 578 390 652 quam
416 578 437 623 a
461 550 658 650 plerisque,
678 551 812 650 quibus
839 552 878 625 id
903 576 1032 649 parum
1059 551 1246 648 probabile
1269 554 1358 627 vide·

282 672 415 749 retur,
449 670 597 755 propter
624 659 779 731 auctoris
816 657 998 731 levitatem
1030 656 1265 758 repudiatum
1294 672 1357 750 est,

279 768 390 837 satius
410 776 532 837 tamen
551 766 643 857 erit,
664 766 764 862 prius
780 790 891 863 quam
904 764 1105 861 judicetur,
1127 789 1206 836 rem
1226 789 1360 861 cognos-

280 896 388 964 cere,
417 884 460 943 ut
497 898 734 969 quaeramus,
761 871 885 970 quales
907 872 1133 971 tragoediae,
1157 872 1186 943 si
1210 898 1230 942 a
1251 872 1360 943 Xeno

281 977 404 1075 phane
420 978 538 1052 editae
550 980 703 1072 fuerint,
731 978 886 1052 debeant
907 977 1071 1077 intelligi.
1087 978 1125 1048 Si
1137 977 1204 1049 hoc
1223 978 1361 1049 nomine

279 1084 433 1185 intelligi
454 1087 558 1159 modo
577 1100 693 1185 posset
715 1098 839 1180 ὴσεμνὴ
866 1089 1015 1184 τραγῳδία
1043 1086 1116 1160 sive
1131 1084 1361 1156 dramaticum

280 1190 374 1265 illud
391 1200 535 1293 poeseos
548 1219 680 1293 genus,
696 1194 794 1293 quod
811 1222 832 1265 a
848 1194 1021 1292 Thespide
1038 1193 1250 1265 inchoatum
1267 1189 1361 1261 dein-

280 1324 364 1397 ceps
387 1301 426 1371 in
452 1301 571 1373 Attica
597 1324 704 1374 scena
725 1299 913 1374 excultum
940 1315 977 1374 et
998 1324 1225 1372 summorum
1249 1302 1361 1393 poeta-

282 1428 365 1477 rum
378 1406 531 1505 ingeniis
540 1407 772 1481 nobilitatum
788 1420 857 1499 est,
871 1432 977 1479 nemo
990 1406 1150 1504 profecto
1169 1402 1359 1491 dubitaret,

280 1511 539 1611 Xenophanem
570 1515 667 1588 inter
700 1517 849 1615 tragicos
878 1520 998 1613 poetas
1027 1540 1102 1585 non
1133 1536 1208 1585 esse
1236 1508 1359 1581 haben·

278 1618 380 1692 dum.
398 1620 469 1693 Sed
491 1620 591 1695 aliud
608 1647 756 1721 quoque
773 1622 929 1695 habetur
949 1620 1215 1718 tragoediarum
1232 1639 1358 1714 genus,

279 1725 377 1823 quod
398 1727 427 1797 si
456 1728 595 1802 minore
616 1729 688 1802 fuit
715 1727 948 1819 celebritate,
972 1726 1071 1799 haud
1099 1728 1222 1799 minus
1248 1734 1360 1791 tamen

277 1832 553 1931 frequentatum
571 1836 756 1934 quondam
775 1836 873 1933 apud
894 1848 1032 1910 veteres
1056 1834 1129 1905 fuit
1153 1842 1190 1904 et
1210 1828 1274 1901 diu
1294 1830 1360 1920 jam

281 1950 387 2011 antea
414 1941 635 2014 institutum.
663 1941 723 2014 Ab
744 1942 998 2040 antiquissimis
1022 1942 1124 2015 enim
1150 1932 1360 2031 temporibus

187 2120 190 2125 ,
278 2042 442 2142 solebant
469 2048 566 2119 festis
591 2048 721 2122 diebus
750 2049 895 2123 choreas
919 2073 1023 2146 agere
1052 2048 1092 2118 in
1114 2046 1277 2117 Deorum
1304 2038 1358 2111 he-

278 2173 458 2248 mumque
486 2152 632 2226 laudem
660 2156 818 2227 carmina
850 2166 1032 2229 cantantes
1057 2180 1066 2225 z
1092 2153 1183 2225 haec
1212 2145 1360 2221 carmina

278 2254 324 2328 ad
342 2256 574 2353 'pelliciendos
597 2274 635 2335 et
649 2261 876 2335 delectandos
891 2262 1054 2333 homines
1068 2256 1262 2356 composita
1291 2248 1358 2348 ple·

278 2386 452 2462 rumque,
470 2366 644 2439 ineolumi
664 2370 852 2468 gravitate,
867 2370 945 2463 joco
962 2366 1106 2439 condita
1128 2373 1250 2447 erant,
1265 2354 1359 2429 modo

178 2544 181 2548 ,
277 2472 473 2566 severiora,
502 2474 609 2547 modo
634 2474 840 2567 lasciviora,
871 2479 974 2574 quasi
997 2464 1179 2573 satyricae
1201 2464 1358 2554 fabulae3

224 2644 227 2655 .
277 2578 460 2675 equibus
490 2593 609 2678 postea
635 2583 709 2680 ipsa
740 2582 917 2681 tragoedia
954 2580 1132 2671 effloruit,
1162 2600 1255 2676 quae
1282 2568 1359 2643 inde

276 2681 343 2755 diu
358 2685 477 2760 adhuc
501 2692 632 2762 veteris
655 2690 807 2763 retinuit
829 2689 974 2787 vestigia
997 2688 1110 2779 ruris,
1133 2698 1177 2759 ut
1198 2683 1358 2754 Aristotc-

276 2787 328 2863 les
339 2791 425 2865 dicit
440 2822 448 2865 τ
463 2792 495 2890 (ἡ
507 2798 671 2895 rpayqtdr'a)
679 2799 728 2869 διὰ
739 2805 770 2869 τὸ
783 2807 815 2870 ἐκ
825 2811 975 2896 corruperat
986 2798 1171 2889 μεταβαλεῖν
1183 2796 1232 2886 ὀψὲ
1240 2800 1357 2877 ἀπεσεμ·

278 2906 363 2982 νὼθη
378 2900 602 2996 “Ejusmodi
614 2905 848 3003 chorirpayuol
859 2913 934 3005 χοροὶ
946 2902 1181 3003 appellantur
1198 2900 1241 2972 ab
1256 2898 1356 2968 Hero-

275 3002 369 3098 doto,
381 3032 471 3105 quos
481 3013 579 3109 apud
591 3013 771 3110 Sicyonios
782 3014 822 3085 in
836 3013 975 3086 Adrasti
986 3011 1159 3083 honorem
1174 3004 1356 3082 celebratos

278 3282 347 3329 sect.
369 3270 415 3331 18.
440 3271 567 3349 dubitat,
593 3298 629 3336 an
654 3281 750 3360 potius
776 3282 955 3361 Elegiarum
979 3283 1104 3360 scriptor
1128 3280 1164 3341 ab
1187 3276 1235 3337 illo
1259 3269 1356 3331 editum

276 3359 381 3436 fuerit,
403 3361 488 3445 idque
512 3369 675 3449 comprobat
700 3370 887 3444 Fenerlinus3
917 3372 941 3430 si
967 3390 1011 3429 res
1034 3369 1229 3431 emendatione
1253 3368 1356 3443 egeret,

277 3449 457 3511 verisimilior
485 3453 559 3513 foret
589 3457 680 3516 Rossii
700 3458 878 3539 conjectura,
907 3480 959 3540 pro
989 3456 1197 3542 τραγῳδοποιοὶ
1222 3446 1357 3535 legendum

276 3560 336 3599 esse
356 3540 564 3622 aeaepqdooeulss
585 3547 652 3625 quia
670 3547 856 3629 Xenophanis
875 3548 1005 3632 reppdel
1026 3572 1136 3629 quoqne
1159 3550 1356 3610 memorantur,

277 3629 388 3712 dequo
409 3655 477 3695 mox
498 3656 505 3692 :
529 3639 582 3696 etsi
602 3658 705 3697 nomen
725 3637 792 3699 inde
811 3638 970 3702 derivatum
990 3638 1183 3722 rappdomrls
1203 3638 1356 3712 usurpatum

277 3721 603 3876 ἰηίεέθόηοηόνὲᾱεῑυῑ.
631 3729 779 3789 Caeterum
814 3730 852 3790 cl.
883 3733 992 3793 Fabric.
1022 3732 1096 3793 Ribl.
1129 3732 1228 3793 Graec.
1257 3723 1290 3783 Τ-
1313 3716 1354 3784 ll,

279 3831 308 3890 p.
349 3834 366 3871 2
407 3827 435 3873 et
478 3836 487 3874 r
517 3862 523 3875 ,

314 3900 381 3980 (46)
400 3905 519 3965 Aristot.
537 3904 573 3966 de
591 3908 661 3967 Arte
681 3908 791 3988 politica
810 3928 836 3969 c.
847 3909 907 3984 IV,
926 3922 955 3970 et
974 3910 1015 3971 ibi
1035 3912 1127 3993 intpp.
1147 3912 1235 3970 Docte
1247 3912 1275 3963 et
1294 3916 1355 3958 eon·

276 3990 360 4050 tinne
380 3991 415 4053 de
435 3993 488 4055 hac
506 4016 537 4055 re
555 3994 667 4057 disserit
683 3996 853 4075 Groddeck,
869 4000 954 4061 Initia
972 4000 1039 4061 hist.
1058 4001 1158 4061 Graec.
1179 4000 1232 4059 litt.
1251 3999 1320 4075 part.
1333 3982 1354 4055 Ῑι

275 4101 303 4161 Ρ·
333 4081 400 4161 145.
420 4085 460 4145 cf.
487 4086 657 4169 spanheim,
685 4090 725 4149 les
746 4090 844 4151 Cesars
871 4089 907 4151 de
936 4090 1111 4175 l’Empereur
1133 4091 1242 4167 Julian,
1273 4072 1354 4163 praef.
