2842 4884
508 419 723 464 ruinosornu.
1112 403 1160 473 97

71 575 287 650 hauserunt.
325 577 493 652 Alterum
518 577 717 652 Aristotelis
742 552 891 653 'nomine
928 581 1157 681 divulgatum

73 693 122 753 est
146 683 186 753 in
210 682 337 757 libello
368 687 434 783 qui
470 687 511 757 do
548 691 755 780 Xenophane
794 692 932 759 Zenone
966 700 1004 761 et
1029 693 1162 784 Gorqia

73 787 307 884 inscribitur3
324 792 369 864 de
391 794 496 886 cujus
510 793 646 863 ratione
661 803 697 864 et
711 793 922 864 auctoritate
938 818 1050 891 pauca
1069 809 1157 869 sunt
1184 809 1189 822 '
1289 805 1297 816 “

73 896 254 968 monenda
276 895 298 967 ⁸.

120 1001 334 1100 scripturae
362 1030 475 1103 genus
501 1005 539 1074 iu
564 1030 606 1076 eo
630 1004 839 1101 hujusmodi
858 1019 930 1097 cst,
954 1020 998 1079 ut
1020 1033 1162 1106 nequa·

76 1131 181 1202 quam
208 1109 372 1182 absoluta
389 1113 580 1208 disputatio
600 1113 789 1203 videatur,
817 1113 878 1183 sed
904 1112 960 1187 vel
984 1115 1162 1212 fragmen-

75 1223 150 1283 tum
180 1218 345 1310 amajori
366 1244 474 1314 opere
496 1219 714 1310 detractum,
737 1217 796 1293 vel
824 1224 1100 1294 commentarius
1116 1248 1161 1295 ex
1261 1284 1264 1293 ,

75 1344 114 1389 eo
136 1347 274 1418 genere
301 1327 397 1422 quod
420 1326 775 1423 hypomnematicum
805 1325 943 1398 dictum
968 1331 1161 1402 memoriae

77 1436 219 1500 tantum
236 1456 356 1502 caussa
373 1431 484 1504 literis
503 1429 637 1502 solebat
653 1430 815 1502 mandari
831 1441 854 1500 ⁹.
870 1433 1050 1504 Postrema
1074 1434 1162 1506 haec

78 1533 197 1627 opinio
220 1536 312 1607 mihi
329 1535 445 1633 placet
466 1549 539 1608 tam
560 1548 707 1633 propter
736 1535 848 1608 libelli
870 1537 1019 1608 formam
1049 1564 1161 1636 quam

77 1654 223 1736 propter
248 1637 415 1715 orationis
437 1645 717 1742 negligentiam,
741 1670 835 1743 quae
858 1647 991 1742 partim
1012 1647 1161 1746 quidem

77 1741 309 1818 librariorum
338 1748 491 1844 culpae,
522 1751 652 1840 partim
677 1777 762 1822 vero
791 1753 859 1844 ipsi
882 1754 1019 1821 auctori
1046 1754 1161 1826 debe-

79 1861 146 1920 tur.
182 1853 312 1949 Magna
341 1865 465 1924 autem
494 1849 683 1922 difficultas
711 1877 756 1924 ex
784 1877 826 1923 eo
855 1865 930 1924 orta
960 1867 1037 1946 est,
1066 1857 1160 1954 quod

82 1957 322 2051 scriptorum,
361 1955 565 2055 dequibus
593 1959 807 2053 exponitur,
833 1960 979 2059 nomina
1018 1963 1058 2032 in
1083 1964 1161 2034 sin-

81 2059 249 2156 gulorum
273 2065 433 2160 capitum
462 2063 582 2135 fronte
607 2076 811 2161 permutata
838 2078 934 2137 sunt,
962 2067 1020 2139 Sic
1046 2070 1162 2166 capita

83 2171 226 2242 tertium
254 2185 291 2243 et
318 2184 489 2270 quartum
515 2173 554 2243 in
580 2173 747 2244 omnibus
762 2207 765 2214 ·
783 2174 858 2247 tero
880 2173 979 2246 libris
1010 2183 1164 2251 Zenonis

82 2298 208 2348 nomen
235 2278 371 2350 habent
396 2280 633 2376 inscriptum3
670 2279 858 2378 Lipsiensis
885 2293 1027 2355 tantum
1054 2284 1165 2357 codex

85 2385 323 2478 Xenophanem
350 2385 719 2476 exhibet'auctorem‚
744 2386 855 2484 idque
878 2388 1019 2481 dudum
1041 2390 1166 2463 Fabri-

89 2487 160 2559 cius
175 2501 198 2526 ¹⁰
214 2505 252 2564 et
277 2491 338 2563 alii
360 2505 439 2590 post
461 2517 546 2566 eum
564 2493 764 2590 probarunt
778 2520 788 2584 3
803 2519 1023 2591 quamquam
1036 2498 1075 2566 in
1091 2499 1167 2594 ipsa

87 2591 322 2690 disputatione
343 2598 489 2670 nullum
509 2599 619 2693 hujus
638 2599 792 2669 nominis
809 2601 999 2696 vestigium
1015 2598 1165 2698 legitur,

88 2709 190 2795 atque
214 2703 302 2774 adeo
324 2705 541 2775 contrarium
565 2704 684 2801 potius
701 2702 818 2801 colligi
838 2715 952 2801 posset
978 2730 1022 2775 ex
1045 2707 1166 2800 quarti

87 2806 203 2896 eapitis
227 2809 347 2896 initio,
371 2809 436 2876 ubi
475 2811 672 2876 sentcntiae
713 2831 853 2876 summa
888 2807 1054 2903 explicita
1091 2811 1164 2901 ait,

126 3019 166 3099 (8)
185 3020 230 3079 Dc
248 3019 301 3079 hoo
316 3017 408 3078 libello
426 3028 512 3096 agunt
531 3017 560 3074 in
577 3018 674 3102 primis
690 3013 905 3089 Tiedemannus,
921 3016 1000 3076 Goist
1015 3017 1045 3076 d.
1061 3020 1164 3099 specul.

93 3097 191 3162 Philos.
204 3102 240 3160 T.
253 3102 284 3175 1,
298 3121 325 3179 p.
341 3099 395 3176 143
408 3120 466 3176 sqq.
481 3101 502 3158 F
504 3098 642 3170 iillebqrn,
654 3097 806 3178 Beytraoge
817 3119 840 3154 z.
857 3097 958 3156 Gesch.
973 3097 1003 3157 d.
1022 3099 1125 3162 Philos.
1136 3104 1163 3185 1,

88 3205 115 3266 p.
125 3189 161 3250 63
172 3203 233 3269 not.
245 3202 272 3248 et
281 3210 350 3266 quos
360 3188 405 3246 hic
415 3187 518 3264 laudat3
529 3187 657 3262 Brandis,
668 3189 821 3246 Comment.
835 3186 923 3246 Eleat.
933 3208 962 3268 p.
980 3187 1016 3248 16
1025 3210 1085 3270 sqq.
1098 3192 1167 3274 Con.

90 3277 129 3335 sin
138 3324 146 3352 ,
166 3283 321 3340 Nouveaux
336 3279 433 3357 fragm.
455 3277 523 3359 phil.
541 3298 603 3358 pag.
625 3279 674 3358 93⁴
1158 3350 1161 3357 Α
1189 3288 1193 3295 “

127 3375 169 3458 (ql
190 3381 225 3438 ln
244 3377 288 3436 bis
313 3378 517 3462 commentariis
543 3376 705 3456 praesertim
726 3375 914 3452 antiquiorum
935 3377 1079 3456 opiniones
1099 3398 1167 3436 con·

92 3466 194 3544 signare
217 3479 429 3528 consueverant.
455 3467 575 3544 Insignis
603 3466 637 3524 dc
660 3466 712 3525 hoc
738 3487 838 3544 genere
859 3466 936 3525 locus
962 3480 1003 3527 est
1028 3469 1168 3526 Ammonii

92 3552 215 3618 Hermiae
237 3557 296 3638 napi
318 3559 404 3637 ἕρμην.
424 3555 490 3637 (ed.
514 3554 576 3616 Altl.
605 3553 701 3631 1503.)
720 3555 775 3612 bil.
798 3557 857 3614 ΛΑ.
876 3555 926 3613 fol.
947 3575 964 3612 2
984 3579 991 3612 τ
1014 3556 1168 3630 ‹inopesq-
1187 3593 1191 3601 ι

94 3646 228 3718 parenni
263 3647 299 3707 oli
328 3648 414 3707 insila
445 3643 693 3724 (συγγράμματα)
719 3653 867 3718 καλοῦσιν,
898 3637 949 3702 ion
974 3642 1038 3722 nqis
1069 3647 1167 3705 elutior

95 3735 301 3816 interponam
327 3735 485 3812 v‘no'poriron·
508 3733 637 3808 eloi-item
662 3731 700 3794 li
725 3737 750 3794 oi
772 3731 906 3806 nonnul,
927 3730 965 3791 ul
987 3742 1038 3791 rev
1057 3734 1169 3813 aimaro-

21 3883 22 3886 ,
96 3826 167 3908 viper
196 3827 421 3902 inanissimam
454 3825 694 3906 νυγνραίμματα,
727 3825 966 3900 οἰκ-σημειοῦσθαι
989 3821 1084 3902 ιαιῦτᾶἶν
1117 3823 1169 3887 ule

21 3905 23 3914 l
97 3917 149 3998 napi
177 3921 292 3982 ἑκάστου
316 3919 482 4002 πράγματος
524 3915 610 3991 libas
640 3915 687 3984 noi
715 3913 753 3976 ool
780 3909 987 3992 ἐπιχειριῖματα
1010 3908 1047 3971 voi
1071 3915 1184 3979 voians.

22 4057 23 4064 κ
98 4009 330 4078 scearamton·
342 4053 452 4070 ......
477 4009 511 4068 ὅς
533 4005 597 4075 ὅλην
616 4019 665 4069 vair
687 4004 784 4066 einaim
806 4000 1042 4081 συγγραμμάτων.

134 4115 195 4196 (ιο)
215 4118 259 4180 Ad
270 4117 347 4179 Sext.
360 4115 466 4196 Empir.
480 4113 619 4197 Pyrrhon.
640 4115 785 4196 Hypotyp.
805 4110 839 4184 l,
863 4129 891 4188 p·
916 4106 975 4188 59,
989 4120 1056 4170 nota
1068 4096 1108 4172 N.-

187 4216 216 4287 Ι·
994 4233 1014 4301 7
