2842 4884
489 371 494 382 ⁵
533 414 746 458 rmnosormr.
1102 400 1162 461 lll

94 567 283 644 Aristotele
309 577 346 639 et
375 561 556 662 Simplicio
587 568 784 637 concinunt
805 590 898 663 pene
922 591 1065 659 omnes,
1096 570 1165 642 nisi

93 676 190 775 quod
215 673 377 772 plerique
404 669 487 742 falsa
514 670 653 767 decepti
678 672 970 779 interpretatione
989 676 1164 771 quaedam

91 795 267 903 mutasse,
300 777 367 850 alia
397 777 580 850 adfluxisse
612 778 791 851 videntur.
820 779 1033 854 Audiendus
1058 808 1164 880 prae-

91 889 201 986 cipue
229 885 443 958 Plutarchus
469 887 557 1026 qusi’
590 887 792 957 memoratis
821 885 973 960 aliorum
1002 888 1162 986 placitis,

90 991 139 1067 de
167 993 286 1066 illo
261 1018 309 1065 src
331 988 551 1121 exponit¹⁵.
543 992 737 1090 εΞενοφάνης
764 995 832 1063 dt
822 1023 837 1060 o
866 998 1059 1093 Κολοφώνιος,
1090 1000 1165 1068 idus

88 1106 156 1170 τινὰ
179 1102 239 1170 ὁδὸν
239 1107 476 1230 πεπορευμένος
485 1103 534 1166 καὶ
565 1103 756 1194 παρηλλαχυ
754 1127 790 1167 αν
816 1109 925 1177 πάντας
952 1106 1013 1180 τοὺς
1038 1131 1165 1200 προειρη-

87 1213 202 1297 μέναις,
222 1203 285 1276 οὔτε
310 1213 418 1297 γένεσιν
445 1203 508 1274 οὕτε
533 1209 643 1300 φθορὰν
665 1207 829 1291 enatam,
844 1199 967 1273 ἀλλ
933 1233 1004 1274 errat
1030 1210 1108 1302 λέγει
1135 1215 1165 1278 τὸ

86 1329 150 1382 πᾶν
179 1319 222 1382 ἀεὶ
255 1337 358 1404 OflotOll
393 1319 418 1380 tt
444 1318 503 1406 γὰρ
534 1322 655 1404 γίγνοιτο
687 1320 764 1381 τοῦτό
795 1340 898 1408 mm,
928 1321 1084 1407 ἀναγκαῖον
1112 1345 1166 1411 πμ

87 1426 186 1488 τούτω
210 1430 251 1512 μὴ
280 1415 369 1489 ειναι·
399 1423 429 1487 τὸ
453 1428 494 1501 μὴ
521 1416 555 1488 ἓν
582 1419 667 1487 δὲ’
638 1449 686 1488 ουκ
710 1416 749 1488 etv
777 1426 899 1512 γένοιτο,
924 1413 1027 1490 ad*
1004 1450 1043 1489 αν
1066 1425 1098 1490 τὸ
1123 1432 1165 1515 μὴ

83 1524 123 1602 ἓν
147 1536 258 1607 ποιήσαι
284 1555 337 1613 τι,
368 1525 430 1596 οὔτε
457 1530 508 1596 ὑπὸ
530 1537 575 1595 τώ
599 1535 640 1617 μὴ
656 1525 735 1604 ὄντος
761 1520 857 1620 γένοιτ
880 1525 920 1595 ἄν
943 1556 982 1597 τε.
1003 1526 1165 1598 Primum

85 1630 188 1727 quod
209 1632 275 1704 hoc
294 1630 370 1704 loco
394 1628 678 1727 Xenophanes
650 1659 680 1700 το
702 1648 783 1718 πᾶν,
801 1657 932 1703 omnem
948 1658 1071 1703 rorum
1084 1639 1164 1705 uni·

86 1745 286 1808 versitotcm
308 1735 563 1832 sempiternam
584 1737 746 1808 statuisse
769 1737 927 1828 dicitur,
964 1738 1031 1809 hoc
1054 1739 1163 1811 inter-

85 1846 297 1941 pretationis
334 1843 444 1915 errori
479 1841 714 1914 tribuendum
742 1854 823 1934 est,
862 1856 905 1914 ut
939 1869 1021 1916 mox
1058 1843 1164 1918 latius

85 1950 363 2048 explanabitur3
389 1961 469 2022 tum
489 1974 582 2046 quae
602 1954 666 2045 περὶ
688 1963 734 2019 τοῦ
757 1961 797 2042 μὴ
811 1949 889 2028 ὄντος
916 1950 1033 2022 addita
1054 1963 1162 2045 sunt,

86 2057 154 2151 (τὸ
181 2068 222 2142 μὴ
248 2058 281 2128 ’ὃν
308 2059 338 2128 δὲ
372 2061 420 2126 οὐκ
446 2053 483 2124 ἂν
508 2063 610 2148 γένοιτο
637 2087 666 2125 κ.
696 2079 724 2124 τ.
755 2059 811 2145 λ.)
838 2081 879 2128 ea
907 2081 980 2126 non
1010 2081 1054 2128 ex
1081 2058 1164 2156 ipsis

94 2161 293 2260 philosophi
316 2162 417 2234 dictis
438 2185 618 2258 expressa,
634 2160 694 2232 sed
715 2161 834 2256 potius
855 2163 1067 2234 esententia
1085 2167 1163 2259 ejus
1269 2238 1272 2243 ,

94 2267 241 2343 collecta
258 2269 436 2346 videntur.
455 2269 666 2365 Namque
638 2278 730 2360 τομὴ
751 2266 784 2338 ὂν
808 2268 1107 2365 Xenophanem
1082 2296 1163 2343 srm-
1187 2264 1192 2278 ⁸

94 2373 236 2471 pliciter
281 2375 440 2484 rejecisse
484 2372 584 2444 nulla
634 2373 941 2472 argumentatione
977 2375 1163 2467 adhibita,

94 2479 278 2577 probabile
308 2493 394 2553 est.
419 2497 537 2576 postea
567 2504 672 2569 vero,
702 2504 787 2550 cum
812 2479 989 2550 Eleaticae
1013 2480 1162 2575 philoso-

94 2584 201 2707 phiae
224 2581 386 2682 placrti
377 2611 415 2655 1n
443 2585 715 2659 controversiam
745 2596 865 2657 vocata
888 2582 1055 2656 subtilius
1081 2610 1162 2656 exa-

94 2692 225 2763 minari
249 2690 387 2791 singula
410 2693 626 2788 coepissent,
645 2691 762 2764 ‘etiam
786 2697 818 2759 τὸ
840 2701 881 2782 μὴ
898 2689 934 2761 ὂν
960 2688 1164 2786 diligentius

95 2797 328 2895 explanatum
352 2811 405 2869 est
427 2825 448 2868 a
475 2796 711 2884 Parmenide3
740 2795 837 2891 quod
865 2794 1037 2892 placitum
1063 2797 1163 2868 dein-

94 2929 178 3002 ceps
200 2904 353 2976 studiose
374 2901 625 3001 aphilosophis
640 2903 816 3000 agitatum
831 2926 995 2998 magnam
1018 2914 1089 2973 tam
1108 2903 1163 2975 in-

94 3021 153 3080 ter
186 3009 343 3107 physicos
374 3033 485 3107 quam
519 3006 717 3081 dialecticos
749 3007 832 3081 fecit
866 3009 1164 3105 disceptationum

94 3119 378 3192 controversiam.

144 3223 225 3319 Ipse
253 3222 399 3320 quidem
425 3221 653 3312 Aristoteles,
682 3235 863 3295 auctorem
879 3221 958 3294 dico
986 3247 1163 3297 commen-

94 3328 178 3401 tarii
210 3328 256 3401 de
283 3329 444 3426 Xenoph.
475 3331 558 3402 Zen.
592 3326 697 3428 Gorg.
728 3356 758 3401 c.
786 3330 837 3400 IV
858 3328 959 3400 initio
982 3328 1031 3418 ¹⁶,
1057 3357 1163 3428 expo

137 3523 203 3604 (15)
224 3523 367 3584 Plutarch.
388 3524 518 3584 Stromat.
545 3522 620 3605 apud
637 3523 740 3583 Euseb.
760 3524 859 3604 Praep.
880 3524 933 3582 Eu.
957 3524 989 3598 1,
1019 3521 1048 3583 8.
1069 3544 1097 3603 p.
1114 3525 1163 3584 23.

95 3613 256 3689 Ciceronis,
292 3613 447 3682 Plutarchi,
474 3613 550 3672 Sexti
573 3613 726 3693 Empirici‚
754 3612 889 3693 Diogenis
908 3613 1024 3684 licentii,
1046 3611 1162 3688 Galeni,

93 3702 246 3781 Origenis,
284 3702 413 3777 Stobaei‚
446 3701 616 3761 Theodoreti
643 3702 801 3761 testimonia
841 3703 914 3760 infra
947 3700 1163 3780 explicabimus3

93 3811 171 3849 nunc
184 3802 292 3850 tantum
311 3803 458 3862 notamus,
475 3789 549 3848 idem
560 3789 710 3870 significari
722 3791 809 3849 abhis
824 3783 872 3868 qui
891 3788 1073 3868 Xenophanis
1089 3785 1122 3848 ei
1137 3786 1162 3852 iv

25 3933 26 3938 ,
92 3879 154 3941 sive
173 3875 236 3939 Scir
255 3880 394 3961 appellant
415 3877 525 3954 didiae,
545 3880 664 3955 innisi,
689 3879 895 3956 εἰμετᾶβλητη.

135 4007 201 4086 (16)
220 4008 373 4068 Aristotelis
397 4008 482 4069 verba
504 4008 543 4068 sic
565 4006 727 4088 corrigenda
754 4020 822 4088 puto
853 4031 861 4066 ε
893 3980 982 4065 ulios
1010 4002 1041 4065 vl
1065 4007 1162 4070 autin

91 4095 168 4174 μέτ’
188 4101 216 4173 ἐξ
234 4096 322 4175 ὅμοῖον
339 4098 409 4176 μήτ’
432 4101 458 4173 ἕξ
479 4098 598 4177 dicacior
618 4097 649 4159 ri
672 4096 830 4174 γιγνίμιιον
850 4094 1019 4174 phaschae,
1045 4100 1110 4160 ἄλλ’
1131 4102 1162 4161 is
