2842 4884
528 431 708 486 nutrourarr.
1117 417 1159 482 71

78 588 231 656 ονιινίνέι
243 611 312 658 aon
328 586 541 676 deserturum
549 613 565 672 ,·
583 583 631 656 sic
647 583 816 656 Herodot.
840 584 930 676 vll,
963 585 1029 684 187
1056 585 1160 680 dicit,

76 695 222 787 προδοῦναι
251 701 289 763 τὰ
316 691 430 790 ῥέεθρα
460 709 515 762 τῶν
539 709 698 784 ποταμῶν,
726 694 917 786 fluminum
944 719 1073 789 uquam
1097 697 1161 767 de-

73 802 215 892 [σοιὀιο,
242 801 287 872 cf.
333 800 493 872 Bachius.
530 799 722 872 Caeterum
750 800 888 898 siquis
917 825 938 874 e
966 800 1067 874 codd.
1094 828 1162 902 pro

74 903 157 1000 tua
188 905 292 978 malit
314 907 406 986 ἄλλος
431 918 467 980 et
492 931 556 1004 pro
577 907 676 980 ονίιοτε
697 907 858 1005 recipere
886 907 990 995 οὔπω,
1010 934 1082 980 non
1100 911 1161 985 ad-

74 1014 250 1088 versabor.

119 1171 167 1220 vs.
201 1146 238 1218 6.
268 1148 377 1227 ἄνθεος
403 1149 576 1241 σὀδέμενσς,
605 1147 732 1220 vinum
758 1173 868 1222 suave
896 1146 1022 1236 olene,
1046 1175 1160 1248 gene·

72 1277 216 1347 rosum,
234 1255 331 1354 quod
349 1262 512 1349 ι’νθισμιέιν
530 1255 761 1354 appellabant
786 1269 947 1347 veteres,
971 1267 1016 1330 ut
1036 1270 1161 1332 monet

72 1357 400 1437 Gasaubonue.Vid.
412 1362 587 1461 Aristoplr.
600 1364 691 1435 Rau.
704 1389 756 1436 ve.
774 1361 879 1436 1150.
892 1361 969 1460 (ed.
982 1362 1159 1462 Brunclt.)
1290 1408 1293 1422 ·

72 1466 165 1540 idem
197 1469 297 1544 Plnt.
334 1471 424 1563 806,
452 1497 538 1546 cum
568 1485 689 1544 annot.
719 1471 922 1546 Hemsterh.
952 1483 990 1544 et
1016 1469 1159 1547 Alberti

73 1575 113 1648 ad
137 1577 290 1678 Hesych.
313 1579 354 1650 in
377 1578 415 1651 h.
440 1607 474 1653 v.

117 1743 166 1790 vs.
206 1744 262 1789 11.
297 1723 365 1789 αὐτὸ
387 1727 472 1813 μέσον
506 1718 644 1792 dictum
674 1718 820 1794 videtur
851 1745 916 1818 pro
945 1723 974 1790 έν
1004 1717 1085 1814 αὐτῷ
1115 1711 1159 1815 aqi

71 1829 169 1918 μέσῳ,
209 1824 326 1901 veluti
363 1836 450 1920 μέσον
483 1825 694 1926 simpliciter
719 1827 877 1924 positum
913 1850 979 1924 pro
1017 1834 1047 1897 έν
1076 1835 1172 1924 μέσῳ-

70 1933 237 2028 usurpari
267 1930 366 2004 solet.
400 1932 515 2004 Simili
545 1933 682 2004 ratione
711 1930 818 2030 plura
845 1928 1038 2029 composita
1069 1942 1156 2003 sunt

71 2035 261 2132 adverbia,
292 2039 407 2114 veluti
432 2045 502 2112 οιέτό
532 2052 643 2134 μόνον,
672 2043 743 2111 αὐτὸ
770 2058 899 2137 χρῆμα,
925 2065 1021 2138 quae
1049 2038 1156 2112 illus-

71 2151 136 2216 trat
172 2147 313 2220 Bastius
341 2148 408 2245 Ep.
441 2147 520 2221 crit.
547 2174 582 2245 p.
622 2145 710 2237 135,
741 2147 834 2244 Lips.
867 2148 954 2220 item
987 2152 1156 2245 ον’θῆμαμ,

70 2254 211 2352 adrepto.
233 2253 446 2332 Welckerus
463 2256 507 2328 ad
528 2255 725 2356 Theognid.
747 2281 782 2352 p.
810 2254 869 2328 50.
886 2253 1010 2328 scribit
1031 2259 1153 2348 av’rtpa-

69 2387 136 2452 σον,
157 2387 233 2436 una
250 2387 346 2438 voce.
368 2361 462 2456 Quia
489 2374 611 2458 tamen
633 2361 694 2434 illa
717 2361 827 2434 dictio
841 2385 984 2458 prorsus
1001 2358 1153 2436 insolens

69 2475 138 2555 est,
164 2468 418 2568 corrigendum
443 2469 586 2542 fortasse
611 2467 796 2542 videbitur
817 2466 857 2538 ἂν
879 2472 911 2537 τὸ
930 2475 1032 2560 μέσον,
1051 2467 1148 2564 quod

69 2566 172 2646 hahet
208 2575 363 2674 Theogn.
397 2601 446 2649 vs.
481 2575 565 2676 837.
600 2576 755 2649 Lexicon
789 2574 824 2643 S.
859 2569 1066 2646 Germani:
1094 2579 1153 2652 ἀνὰ

68 2684 172 2768 μέσον,
190 2687 257 2752 ἀντὶ
277 2695 324 2752 τοῦ
352 2686 380 2752 ἐν
405 2689 498 2776 μέσῳ.
519 2676 691 2780 Ἀντιφάνης
713 2677 861 2750 Ἀδώνιδι.
882 2676 963 2749 Vid.
979 2678 1070 2748 Baet.
1086 2676 1109 2747 l.
1126 2676 1156 2760 l.

68 2803 100 2876 p.
133 2783 224 2879 133,
251 2799 325 2860 not.

112 2949 161 2998 vs.
200 2926 253 2998 13.
281 2927 416 3001 Versus
439 2928 498 3001 hic
527 2929 577 2999 ita
611 2927 731 3000 editus
753 2936 806 2996 eat
835 2950 849 2993 :>

159 3100 221 3188 χρὴ
239 3091 270 3160 δὲ
295 3107 404 3188 πρῶτον
429 3095 483 3184 μὲν
505 3095 574 3161 θεὸν
598 3097 695 3182 ὑμνεῖν
718 3086 853 3184 εὔφρονας
877 3084 999 3180 ἄνδρας.

67 3277 195 3355 Parum
211 3311 415 3376 numerose3
434 3311 496 3358 nos
514 3311 579 3382 pro
592 3294 688 3378 ὑμνειν
706 3283 909 3379 recepimus
921 3286 1030 3375 έμνὲν,
1049 3282 1149 3378 quod

66 3397 99 3456 et
123 3405 210 3464 vett.
240 3392 330 3467 Edd.
354 3406 390 3468 et
407 3393 483 3466 ldss.
508 3390 813 3492 Sclrweightiuseri
830 3401 1005 3482 tuentur,
1026 3413 1148 3485 neque

67 3517 84 3563 a
108 3495 328 3595 Xenophane
352 3503 462 3599 magis
488 3499 649 3574 alienum
675 3499 821 3573 videtur
845 3520 956 3593 quam
980 3496 1146 3587 ὀσσόμενος,

66 3597 172 3675 lorma
201 3618 402 3703 utrumque
425 3607 577 3678 Dorica:
599 3606 648 3677 sic
669 3603 803 3694 verba,
827 3625 1049 3700 quamquam
1073 3625 1147 3670 non

67 3703 255 3784 admodum
288 3713 478 3803 suaviter,
506 3713 641 3786 cadunt
675 3723 797 3782 tamen
829 3707 1068 3780 numerosius.
1097 3747 1146 3760 -

65 3807 107 3881 ln
121 3839 168 3888 vs,
187 3843 238 3916 sq.
258 3821 378 3918 recepi
395 3825 553 3918 καθαροῖσι
572 3829 640 3898 νέοις
654 3845 719 3916 pro
736 3816 836 3914 vulg.
862 3821 938 3886 καθ.
953 3816 1055 3907 λόγοις,
1071 3837 1146 3910 quo

67 3915 176 3996 inanis
197 3925 390 4000 verborum
414 3929 580 4026 repetitio
597 3934 701 4021 μύθοις
720 3938 758 3999 et
782 3929 873 4020 λέγοις
888 3923 1065 4009 evitatur;
1082 3920 1145 3994 de-

66 4018 169 4102 betur
191 4033 279 4107 haec
296 4036 498 4110 emendatio
523 4035 769 4123 Eichstaedio,
797 4054 950 4127 eamque
977 4026 1142 4125 probavit

66 4127 271 4216 Wetcterus
301 4144 345 4216 ad
375 4145 566 4245 l'heognid.
595 4144 619 4216 l.
651 4143 674 4214 l.
706 4143 922 4238 Comparant
959 4137 1143 4211 Plutarchi
