2842 4884
548 418 761 461 rnreosoruu.
1134 399 1197 463 lta

121 567 308 667 paullatim
332 570 453 645 denuo
475 569 648 643 eductum
665 570 710 641 iri
731 582 841 665 atque
863 568 913 639 ita
931 592 1067 643 novum
1090 593 1214 645 mun-1

120 676 235 768 dum,
261 672 394 748 novum
423 703 546 750 rerum
574 677 739 750 ordinem
766 676 980 747 oriturum:
1007 675 1100 749 hane
1127 703 1195 749 na·

122 794 225 853 turae
249 783 527 856 vicissitudinem
552 784 629 855 fore
657 793 883 880 perpetuam.
907 781 960 853 lle
987 783 1114 865 mundi
1136 782 1198 856 illa

121 889 348 961 conversione
373 915 455 960 mox
481 914 651 989 agemus,
679 912 778 959 nunc
805 900 971 959 notemus
999 888 1107 986 quale
1131 916 1199 963 vo-

121 994 232 1066 luerit
251 1022 324 1067 esse
349 1010 499 1068 naturae
520 998 666 1068 initium
691 1022 699 1067 :
728 997 963 1093 praecipuum
982 1000 1129 1069 omnino
1148 999 1198 1071 lo·

121 1126 203 1173 curn
234 1114 347 1177 terrae
380 1103 479 1177 dedit
490 1101 509 1193 ,'
533 1127 650 1202 quum
680 1115 719 1175 et
747 1103 924 1173 infinitam
957 1128 1037 1175 eam
1067 1106 1199 1179 faceret

121 1220 158 1280 et
186 1208 298 1302 hujus
323 1209 568 1283 submersione
593 1210 702 1280 totius
730 1208 858 1279 mundi
886 1209 1076 1281 interitum
1108 1210 1200 1287 effici

121 1312 278 1407 diceret,
307 1343 390 1389 eum
414 1316 544 1388 tellure
563 1330 684 1386 autem
707 1313 895 1409 conjunxit
911 1312 1101 1387 humorem
1126 1320 1201 1391 sive
1224 1406 1227 1415 Ι

120 1446 241 1512 mare,
260 1448 337 1521 quo
356 1424 455 1495 illam
471 1423 574 1493 initio
591 1423 806 1519 permixtam
818 1434 856 1493 et
867 1421 1052 1512 obrutam,
1070 1422 1201 1499 deinde

122 1554 222 1618 vero,
248 1529 523 1607 decurrentibus
554 1530 654 1626 aquis
666 1580 680 1615 ,
712 1528 757 1600 ab
774 1527 922 1599 humida
945 1530 1200 1622 conjunctione

120 1633 307 1705 liberatam
325 1661 398 1707 esse
419 1636 580 1732 putavit,
606 1636 716 1707 itaut
741 1647 835 1704 terra
865 1646 901 1705 et
924 1660 1201 1709 maresecerne-

121 1753 261 1813 rentur.
291 1742 335 1811 In
367 1742 461 1812 hane
495 1742 709 1813 sententiam
743 1743 909 1839 congruit
940 1742 1038 1838 quod
1069 1743 1203 1837 Dioge-

119 1873 186 1920 nes
219 1848 380 1921 Ladrtius
408 1848 544 1939 refert,
576 1848 840 1944 Xenophanem
872 1836 1009 1923 Thaleii
1041 1852 1202 1928 statuisse

119 1956 317 2044 contraria3
343 1954 402 2027 hic
426 1955 523 2025 enim
547 1980 592 2027 ex
623 1978 716 2053 aqua
741 1967 816 2027 orta
834 1979 909 2027 esse
931 1955 1051 2027 omnia
1072 1956 1202 2053 ipsam·

120 2085 195 2159 que
212 2074 343 2133 terram
369 2087 483 2158 aquae
507 2062 670 2133 innatare
700 2062 850 2159 putabat
875 2059 908 2133 ²⁴.

172 2168 268 2239 Haeo
289 2181 411 2239 autern
439 2167 567 2267 placita
594 2193 669 2265 quo
696 2169 806 2265 magis
829 2165 1082 2259 illustrentur,
1107 2194 1202 2241 eom·

121 2272 278 2371 paranda
312 2286 397 2345 sunt
426 2300 511 2346 cum
538 2286 703 2352 veterum
731 2279 917 2371 positarum
947 2275 1203 2371 opinionibus,

120 2402 209 2475 quas
230 2376 291 2449 ille
307 2382 345 2449 in
370 2404 492 2451 rerum
515 2382 650 2477 origine
670 2380 881 2453 celebranda
909 2383 1129 2478 potissimum
1148 2406 1203 2453 se-

120 2498 228 2558 cutus
251 2486 405 2558 videtur.
431 2486 604 2558 Similiter
626 2488 725 2559 enim
751 2488 848 2583 apud
870 2488 1066 2566 Hesiodum
1081 2487 1105 2525 ²⁵
1125 2500 1205 2585 post

120 2591 233 2665 Chaos
255 2593 415 2689 primum
443 2592 614 2665 exstitisse
644 2593 872 2688 praedicatur

221 2758 292 2834 Γαῖ’
321 2768 507 2862 εὖρὺςερνος,
535 2774 652 2835 πάντων
680 2764 740 2841 ἕδος
763 2741 890 2861 &spolie
914 2769 992 2851 aiei,

222 2876 365 2969 Τάρταρα
392 2866 419 2941 τ’
445 2880 581 2971 ἠερὲεντα
601 2877 688 2965 μὺχῳ
711 2873 818 2963 χθονὸς
841 2872 1005 2967 εὐρυοδείης.

122 3030 304 3105 Tellurem
319 3034 407 3107 dicit
430 3034 539 3105 totius
555 3033 684 3107 mundi
704 3033 983 3105 fundamentum
998 3062 1009 3125 ;
1027 3033 1116 3109 imas
1132 3048 1203 3111 ter·

121 3164 183 3211 rae
209 3153 326 3238 partes
354 3154 464 3239 atque
481 3141 614 3213 abditas
630 3142 761 3213 tartara
778 3154 888 3216 vocat.
910 3140 1004 3214 Cum
1018 3167 1092 3241 quo
1110 3169 1202 3217 con-

166 3374 228 3453 (ad)
249 3377 332 3455 Diog.
361 3376 455 3437 baert.
487 3376 547 3451 IX,
576 3375 621 3437 18.
642 3376 759 3437 hristot.
780 3375 905 3458 Metaph.
932 3378 1142 3460 1,3.p.645
1167 3381 1205 3441 D.

123 3464 161 3525 de
183 3464 258 3525 Coel.
283 3466 332 3539 ll,
361 3468 405 3527 13.
425 3488 453 3545 p.
474 3464 534 3544 364
559 3466 593 3527 E.

166 3586 230 3666 (αὸ)
252 3586 368 3646 Hesiod.
398 3586 541 3667 Theogon.
569 3606 625 3647 vsa.
649 3606 704 3669 ¹¹7
727 3598 756 3645 et
783 3606 858 3671 ¹¹93
883 3588 932 3669 qui
956 3588 1136 3669 interpositus
1162 3599 1205 3648 est

123 3696 222 3737 versus
231 3721 240 3752 ,

247 3786 406 3851 Ἀθηναίων
424 3786 449 3848 ol
466 3785 561 3866 ἵχουνι
584 3786 652 3869 seips
675 3788 808 3869 septima
827 3788 986 3865 Ὀλᾶμπσν,

124 3916 180 3998 jam
201 3914 236 3974 ab
256 3917 376 3993 antiquis
391 3916 501 3997 spurios
521 3914 632 3975 habitus
650 3928 711 3989 est;
729 3910 1025 3975 essentessent
1045 3912 1204 3981 laudatura

126 4002 348 4085 wyttenbachio
366 4004 402 4065 ad
422 4003 563 4064 Phaedon.
582 4027 611 4086 p.
634 4004 702 4088 298.
720 4036 761 4049 --
782 4002 909 4081 τέρημ
927 4014 1019 4061 autem
1038 4015 1131 4065 terrae
1145 4009 1203 4068 vis.
1249 4043 1253 4051 .

126 4113 192 4155 cera
209 4094 359 4171 dicuntur,
382 4094 470 4160 veluti
489 4095 632 4176 Theogon.
653 4117 695 4159 aa.
714 4091 784 4171 841.
802 4094 904 4182 virgil.
922 4092 1026 4175 (ποτε.
1045 4095 1091 4165 ll,
1113 4116 1180 4178 ²9¹·
