2842 4884
1144 445 1164 486 V

91 623 158 671 nec
195 599 260 668 nisi
297 597 412 670 multo
446 597 565 671 labore
592 611 629 671 et
667 598 799 670 assidua
823 599 954 671 mentis
978 598 1165 696 agitatione

91 741 200 826 parta.
229 729 355 829 Itaque
381 731 508 802 vetetis
530 735 654 827 pottae
678 727 815 802 dictum

138 915 215 983 Non
243 915 348 984 simul
368 920 516 986 humano
541 922 666 1010 penori
690 918 740 986 m
762 927 886 987 canoto
912 917 1084 989 dederam
1095 970 1109 1004 ,

136 1048 346 1118 Monstravit
368 1048 429 1117 sed
453 1055 550 1142 luuqo
572 1048 646 1120 dtas
669 1054 812 1120 meliora
841 1055 991 1144 repertis
1013 1043 1060 1142 *,

88 1261 222 1357 optime
242 1259 282 1329 iu
308 1257 564 1358 philosophiam
583 1259 765 1333 transferri
789 1269 914 1358 potest.
933 1259 1063 1358 Ecquis
1079 1281 1165 1360 ergo

88 1391 242 1464 miretur
270 1415 344 1485 eos,
374 1393 440 1491 qui
466 1393 573 1490 primi
607 1391 698 1466 hanc
728 1392 818 1470 viam
838 1403 1058 1486 tentarunt,
1090 1417 1163 1465 non

88 1519 156 1593 nisi
181 1522 304 1596 multis
327 1519 595 1596 difficultatibus
615 1521 813 1622 multisque
843 1523 1022 1596 erroribus
1049 1545 1166 1596 conse-

88 1665 189 1726 cutos
211 1677 284 1727 esse
312 1667 355 1726 ut
379 1653 567 1728 adultiora
593 1653 741 1728 tendere
764 1665 801 1728 et
826 1653 927 1753 quasi
950 1652 990 1724 in
1013 1651 1166 1726 interius

84 1783 328 1882 philosophiae
351 1785 543 1857 sacrarium
561 1783 696 1860 intrare
722 1785 857 1860 liceret.
890 1784 961 1858 Sed
982 1809 1056 1884 quo
1083 1807 1161 1857 ma·
1251 1873 1254 1878 Ι

84 1916 137 2014 gis
155 1915 242 1986 haec
266 1909 510 2014 explicentur,
528 1916 573 1989 de
598 1917 676 2012 ejus
695 1915 805 1990 studii
830 1917 964 2016 origine
988 1928 1025 1989 et
1042 1914 1162 1990 incre-

60 2037 217 2120 'mentis
239 2072 352 2145 pauca
380 2048 600 2122 disseramus.

134 2303 242 2404 Origo
269 2305 511 2406 philosophiae
544 2332 618 2380 non
648 2307 693 2380 ab
727 2333 802 2380 uno
832 2305 988 2405 quodam
1019 2313 1163 2378 auctore
1216 2315 1222 2324 ’

87 2438 282 2536 repetenda
307 2451 384 2531 est,
409 2437 469 2512 sed
491 2441 653 2515 ducenda
675 2463 720 2513 ex
743 2441 818 2538 ipso
834 2436 1054 2512 Graecorum
1072 2438 1166 2535 inge

87 2571 150 2644 nio
181 2583 218 2645 et
245 2569 492 2667 humanitate,
525 2599 618 2673 quae
647 2597 765 2673 quum
792 2569 836 2644 ad
867 2569 987 2644 cultus
1014 2568 1162 2642 maturi-

87 2711 198 2776 tatem
214 2704 449 2801 pervenisset,
462 2717 586 2803 sponte
601 2701 791 2778 hominum
809 2701 945 2774 animos
965 2699 1162 2798 quaerendi

87 2833 204 2908 studio
221 2837 409 2910 commovit
422 2847 458 2908 et
471 2831 515 2906 ad
529 2831 853 2932 philosophandum
866 2829 1027 2903 deduxit.
1043 2827 1161 2900 Prima

87 2965 288 3037 effloruerat
300 2967 464 3038 omnium
476 2963 607 3037 artium
628 2964 754 3062 poesis,
768 2985 895 3061 parens
907 2958 1161 3052 humanitatis3

87 3106 191 3166 erant
215 3101 338 3191 politae
361 3093 470 3167 iidem
493 3093 674 3194 quondam
703 3107 811 3191 atque
831 3091 1008 3188 sapientes
1034 3102 1071 3162 et
1096 3115 1160 3163 va-

87 3233 163 3314 tes,
183 3219 320 3294 solertia
340 3223 464 3298 ceteris
481 3221 695 3298 excellentes
712 3238 749 3296 et
766 3220 887 3299 divino
899 3220 1043 3320 ingenio
1061 3242 1161 3319 prae·

88 3351 176 3445 diti,
204 3349 328 3450 quales
350 3353 447 3451 apud
471 3350 623 3428 Graecos
645 3350 869 3451 Eumolpus,
887 3355 1070 3444 Musaeus,
1086 3349 1160 3421 Or-

90 3482 220 3581 pheus,
232 3483 310 3578 alii,
326 3485 434 3558 fuisse
446 3485 626 3561 feruntur.
643 3487 690 3559 Hi
703 3487 811 3585 primi
826 3486 958 3558 feroces
971 3482 1159 3557 hominum

90 3639 204 3688 mores
226 3640 311 3693 voce
336 3618 536 3691 formarunt
562 3631 600 3692 et
620 3645 665 3693 ex
694 3620 821 3717 agresti
850 3614 1061 3714 incultaque
1088 3613 1164 3685 'vita

92 3747 134 3822 ad
157 3749 334 3825 mitiorem
363 3749 505 3825 cultum
532 3749 794 3847 traduxerunt,
821 3750 928 3848 primi
949 3743 1162 3820 celebranda

132 4003 174 4085 (l)
194 4002 376 4086 Xenoplunis
396 4025 492 4070 versus
510 4024 543 4065 ex
562 3974 792 4086 interpretatione
809 4002 846 4061 H.
872 3998 973 4060 Grotii.
999 3996 1066 4058 vid.
1087 3997 1161 4075 intra

93 4097 201 4179 Fragor.
222 4101 302 4164 XVI.
