2842 4884
220 433 222 440 ’
269 431 315 495 86
712 451 901 493 xnuornsnrs

269 607 358 679 νέντος
382 607 433 672 ὑπὸ
453 617 501 683 τῆς
514 605 622 696 ,Ἥρας
649 602 697 670 διὰ
724 611 774 685 τὴν
799 605 967 682 ζηλοτυπίαν
993 603 1036 670 ὅτι
1063 605 1191 683 σννῆλθε
1215 603 1251 696 τῇ
1273 593 1342 671 Ἰνοῖ

1216 221 1220 238 ’

269 714 284 773 ὁ
313 712 415 797 Ζεὺς,
446 713 496 775 καὶ
520 713 750 789 ἀπηθανατίσθη
778 702 893 788 ὴΊνὼ.
925 708 973 777 διὰ
1003 718 1078 776 τοῦτο
1108 719 1145 785 ὡς
1176 711 1228 798 μὲν
1258 709 1341 777 δεινὰ
1406 760 1407 775 .

269 822 403 907 παθούσῃ
439 821 659 912 ἐιτιθρηνοῦσιν,
698 829 736 895 ὡς
770 822 1046 908 ἀπαθανατισθεισῃ
1081 813 1176 911 (δὲ)
1210 821 1338 886 θύωσιν.

268 920 366 991 Haec
383 922 422 990 in
439 923 600 992 transitu.
614 923 692 993 Noti
711 934 796 992 sunt
814 920 947 994 flebiles
962 921 1081 990 Inonis
1099 945 1213 1009 casus,
1230 923 1342 991 etiam

269 1025 309 1097 in
323 1051 425 1098 scena
448 1026 636 1121 celebrati;
658 1054 778 1127 neque
799 1029 951 1117 mirum,
971 1053 1088 1124 quum
1105 1039 1182 1122 post
1199 1026 1343 1099 obitum
1407 1064 1408 1091 3

268 1130 365 1216 inter
385 1135 537 1205 marinos
555 1134 645 1206 Deos
660 1135 881 1206 Leucotheae
905 1135 1048 1205 nomine
1068 1144 1156 1204 esset
1179 1145 1339 1228 recepta,

270 1237 351 1329 ejus
372 1241 577 1309 memoriam
602 1241 698 1336 apud
723 1239 884 1330 Eleatas‚
906 1239 1120 1310 maritimam
1143 1237 1341 1330 civitatem,

270 1339 442 1438 religione
466 1357 702 1418 consecratam
725 1346 841 1416 fuisse.

271 1469 276 1484 ¹
318 1447 417 1518 Idem
445 1474 529 1524 vero
557 1449 694 1521 dictum
724 1448 854 1546 paullo·
870 1447 973 1520 aliter
999 1448 1107 1520 refert
1130 1446 1344 1521 Plutarchus

270 1551 429 1626 Amator.
453 1580 489 1651 p.
517 1553 668 1654 763,n.
694 1554 772 1627 Vol.
795 1553 869 1644 IX,
898 1580 933 1651 p.
960 1553 1018 1652 59.
1044 1553 1159 1626 Reisk.
1186 1556 1345 1654 Ξενοφάνης

271 1657 434 1754 Αἰγυπτιους
459 1664 587 1730 ἐκέλευσε
605 1667 651 1731 τὸν
664 1661 807 1757 Ὄσιριν,
834 1670 859 1731 εἰ
880 1667 987 1742 θνητὸν
1011 1671 1173 1754 νομίζουσι,
1195 1672 1236 1752 μὴ
1255 1663 1344 1754 τιμᾷν

272 1776 311 1845 ὡς
349 1772 441 1856 θεὸν,
473 1777 498 1840 εἷ
535 1770 566 1838 δὲ
599 1774 667 1838 θεὸν
694 1781 848 1864 ἡγοῦνται,
879 1780 919 1861 μὴ
944 1775 1075 1864 θρηνεῖν,
1107 1768 1280 1841 Similiter
1306 1771 1345 1841 in
1410 1794 1411 1819 ³

271 1871 363 1944 libro
387 1874 432 1946 de
455 1875 499 1974 Is.
523 1886 560 1946 et
582 1874 670 1946 Osir.
695 1901 731 1972 p.
751 1875 846 1975 379,
869 1877 909 1945 B.
931 1873 1013 1945 xvol.
1038 1874 1128 1964 vll,
1154 1898 1188 1969 p.
1208 1872 1279 1971 490
1294 1901 1343 1973 sq.

273 1977 449 2070 absurde,
476 1981 619 2078 inquit,
657 1994 793 2053 veteres
818 1982 975 2051 Deorum
1005 1990 1103 2050 ortus
1128 1990 1164 2050 et
1178 1980 1343 2052 interitus

272 2083 500 2178 praedicant,
528 2097 583 2155 καί
602 2113 641 2155 τοι
666 2099 711 2156 τοῦ
733 2090 897 2182 παραλόγου
920 2095 970 2169 τὴν
993 2094 1107 2155 ἀτοπιαν
1131 2093 1160 2155 ἐν
1187 2089 1346 2181 ὀφθαλμοῖς

272 2187 410 2277 ἔχοντες,
435 2193 466 2288 ον’Ι
501 2201 582 2282 μόνον
608 2192 766 2287 Ξενοφάνης
790 2203 805 2261 ὁ
829 2195 999 2289 Κολορώνιος
1025 2189 1043 2270 ἢ
1065 2194 1128 2274 ἑξῆς
1150 2199 1175 2258 οἳ
1195 2195 1254 2269 τοὺς
1287 2194 1347 2261 Αι-

273 2301 426 2386 γνττιους,
457 2304 482 2365 εἰ
509 2301 592 2375 θεοὺς
624 2305 786 2387 νομίζωσι,
816 2307 857 2388 μὴ
887 2303 1031 2392 θρηνεῖν,
1069 2303 1094 2363 εἰ
1126 2297 1157 2365 δὲ
1186 2301 1346 2391 θρηνοῦσι,

274 2401 358 2477 θεοὺς
391 2409 433 2491 μὴ
455 2409 596 2493 νομίζειν,
620 2395 685 2472 ἀλλ’
704 2401 748 2472 ἔτι
771 2405 898 2496 γελοῖον,
919 2401 984 2491 ἅμα
1017 2407 1175 2495 θρηνοῦντα
1200 2400 1348 2491 εὔχεσθαι

274 2508 335 2584 τοὺς
364 2511 487 2603 καρποὺς
515 2511 605 2579 πάλιν
631 2506 798 2605 ἀναφαίνειν
827 2512 876 2575 καὶ
903 2509 1024 2576 τελειοῦν
1052 2507 1143 2582 αὐτοῖς
1160 2505 1259 2592 ,ὅπως
1284 2519 1349 2577 πά-

273 2613 320 2684 λιν
355 2619 567 2688 ἀναλίσκωνται
591 2622 641 2684 καὶ
672 2621 847 2714 θρηνῶνται.
870 2612 995 2685 Verbis
1028 2611 1174 2709 quidem
1203 2613 1256 2682 his
1282 2613 1351 2684 ali·
1412 2642 1413 2679 ι

274 2721 371 2818 quod
407 2724 537 2795 vitium
572 2723 713 2797 subesse
746 2720 916 2823 videtur,
955 2718 1051 2816 quod
1092 2717 1169 2788 tolli
1207 2719 1351 2792 fortasse

272 2829 381 2924 possit
406 2831 643 2928 corrigendo:
673 2831 833 2920 ούμόνονό
862 2829 966 2897 Erat
992 2829 1096 2922 Κολοφ.
1120 2828 1197 2908 ἠξίοο
1211 2831 1270 2904 τοὺς
1299 2830 1349 2898 Αἰ-

274 2934 403 3026 γυπτίοις
445 2978 516 3024 -,
547 2930 610 3006 ἀλλ’
641 2935 683 3006 ’ότι
706 2939 811 3030 γελοῖον
837 2937 903 3002 κτλ.
931 2932 989 3003 Ad
1013 2931 1243 3026 Xenophanis
1267 2958 1351 3006 vero

275 3038 414 3110 dictum
426 3041 522 3137 quod
547 3043 695 3130 attinet,
720 3042 759 3110 in
776 3041 850 3136 ipsa
874 3037 1048 3110 sententia
1061 3035 1164 3108 ambo
1191 3050 1353 3110 auctores

277 3145 497 3237 concinunt,
524 3146 726 3242 discrepant
753 3157 896 3216 tantum
920 3143 958 3214 in
982 3169 1024 3216 eo
1064 3143 1162 3240 quod
1192 3141 1281 3216 alter
1310 3143 1352 3214 ad

276 3249 488 3348 Aegyptios,
508 3250 598 3324 alter
618 3253 661 3323 ad
678 3250 816 3322 Eleatas
832 3252 963 3343 refert,
982 3252 1020 3321 in
1040 3274 1113 3345 quo
1131 3275 1236 3322 nemo
1248 3249 1352 3322 facile

277 3355 420 3429 dubitet
446 3359 537 3455 quin
576 3357 773 3430 Aristotelis
802 3357 991 3430 auotoritas
1026 3355 1218 3428 Plutarcho
1253 3370 1352 3429 antc-

277 3461 510 3562 ponendasit,
520 3465 726 3561 praesertim
738 3489 854 3562 quum
866 3463 1127 3559 Xenophanem
1139 3463 1179 3534 in
1191 3461 1352 3562 Aegypto

276 3569 384 3642 fuisse
401 3595 474 3642 non
498 3583 736 3644 memoratum
759 3572 813 3642 sit.
828 3568 1012 3641 Probabile
1033 3581 1103 3661 est,
1125 3569 1221 3642 idem
1233 3569 1350 3656 illud,

277 3679 376 3778 quod
402 3676 635 3773 Xenophanes
662 3675 793 3748 Eleatis
814 3677 975 3767 dixisset,
1003 3687 1148 3773 propter
1175 3674 1353 3774 religionis

278 3785 550 3858 similitudinem
574 3783 613 3853 in
625 3783 899 3881 Aegyptiosessc
915 3780 1144 3876 translatum
1169 3781 1351 3857 indePlu·

279 3891 392 3963 tarcbi
414 3915 570 3965 errorem
591 3889 771 3962 exstitisse.
