2842 4884
534 442 745 486 annosorum.
1111 423 1179 490 165

105 588 278 663 censuisse
317 591 458 663 dicitur.
501 590 641 663 Lunam
672 614 769 676 non,
803 604 848 662 ut
883 590 1020 665 Thaleti
1060 593 1180 667 risum

108 710 204 786 erat,
230 698 346 773 asole
370 697 563 790 illustrari,
571 698 649 775 sed
673 725 757 773 cum
782 698 1054 774 Anaximandro·
1072 713 1177 799 puta·

108 804 161 877 vit
175 805 347 901 ,proprio
371 803 510 884 lumine
534 753 690 877 riitere⁵³
704 807 872 902 ,quippe
895 804 1004 879 lunae
1027 807 1180 880 eandem

108 920 217 1006 atque
239 910 302 981 soli
327 901 487 1005 tribuens
511 912 695 1009 originem.
718 909 907 983 Astrorum
927 910 1048 986 autem
1067 937 1179 1011 quem

108 1013 215 1113 vulgo
238 994 459 1112 appellarent
482 1030 603 1089 ortum
624 1029 661 1089 et
682 1042 868 1106 occasum,
886 1015 949 1089 ille
968 1018 1058 1090 nihil
1078 1018 1183 1092 aliud

109 1147 181 1193 esse
201 1122 290 1194 dixit
305 1149 412 1220 quam
436 1125 703 1196 exstinctionem
725 1122 814 1195 lucis
836 1135 871 1195 et
895 1127 1176 1219 renovationem,

50 1314 56 1323 ,
109 1240 154 1299 ut
166 1253 256 1301 noro
268 1254 405 1327 semper
418 1228 772 1326 lumine'appareant.
790 1228 934 1301 Disertis
949 1230 1065 1326 rerhis
1085 1230 1178 1305 hano

109 1336 318 1406 sententiam
358 1336 475 1431 prodit
513 1360 584 1405 non
625 1333 818 1432 indiligens
853 1333 981 1420 testis,
1022 1332 1177 1407 Achilles

111 1438 229 1510 Tatius
242 1436 267 1487 ⁵⁴
285 1466 293 1511 :
309 1442 464 1539 Ξενοφάνης
488 1442 518 1509 δέ
544 1444 621 1534 λέγει
645 1445 704 1518 τοὺς
732 1448 840 1535 άςέρας
865 1446 898 1509 ἐκ
919 1458 1007 1536 νεφῶν
1021 1455 1184 1521 σννεςᾶναι·

110 1549 255 1640 ε’μπὺρων,
270 1554 318 1616 καὶ
334 1550 512 1633 σβέννυσθαι
529 1551 579 1613 καὶ
595 1551 782 1616 ἀνάπτεσθαι
807 1548 913 1636 ὡσανεί
936 1542 1110 1639 ἄνθρακας·
1129 1552 1185 1613 καῖ

111 1649 160 1719 ὅτε
194 1656 247 1743 μέν
270 1652 451 1739 ἅπτονται,
485 1660 643 1751 φαντασίαν
680 1664 756 1743 ἡμᾶς
781 1650 860 1743 ἔχειν
885 1654 1043 1737 ἀνατολῆς,
1072 1648 1120 1721 ὅτε
1145 1652 1178 1720 δέ

109 1758 298 1848 σβέννυνται,
324 1760 439 1837 mosee.
469 1756 637 1828 Similiter
665 1758 834 1829 Stobaeus
852 1753 877 1792 ⁵⁵
906 1782 914 1828 :
939 1757 1007 1826 Ξεν.
1031 1765 1065 1827 έκ
1090 1773 1178 1853 νεφῶν

108 1868 164 1956 μέν
187 1874 393 1961 πεπυρωμένων
428 1862 606 1959 (εἶναιτοὺς
635 1866 785 1961 ἀςέρας)
812 1868 1011 1956 σβεννυμένσνς
1037 1866 1069 1935 δέ
1099 1861 1182 1934 καθ

110 1978 218 2053 ἑκάςιιν
240 1980 349 2067 ἡμέραν
376 1982 568 2067 ἀναζωπυρεῖν
593 1978 726 2067 νύκτωρ,
750 1977 891 2067 καθάπερ
918 1974 978 2047 τοὺς
1003 1970 1175 2067 ανθρακας

111 2103 163 2153 τας
175 2106 233 2171 γαρ
243 2080 380 2154 ανατιλας
407 2108 455 2145 και
449 2078 571 2154 δύσεις
594 2072 762 2167 ἐξάψεις
731 2104 802 2145 ειναι
823 2106 873 2144 και
867 2078 1019 2161 σβέσεις.
1037 2075 1084 2146 Hi
1100 2100 1177 2150 ver·

114 2177 168 2249 bis
195 2181 246 2251 ita
271 2181 516 2268 conveniunt,
554 2192 597 2251 ut
630 2180 825 2254 abeodem
857 2192 1000 2252 auctore
1030 2181 1178 2280 profecti

113 2284 319 2380 rideantur3
342 2286 484 2358 fortame
509 2272 787 2382 Theophrastum
812 2286 924 2357 secuti
943 2297 1045 2373 sunt,
1068 2311 1179 2394 quern

114 2414 219 2487 supra
241 2342 347 2464 etiain
364 2389 551 2463 laudatum
571 2392 725 2464 vidimus
737 2391 835 2487 apud
857 2391 1058 2464 stobaeum.
1076 2380 1177 2464 Coni-

114 2498 247 2593 paratio
263 2523 334 2596 qua
356 2508 541 2588 utuntur,
565 2500 755 2568 carbonum
776 2497 885 2566 instar
903 2508 993 2567 astra
1017 2498 1176 2588 accendi,

114 2602 256 2701 abipso
279 2603 503 2701 Xenophane
522 2604 630 2699 petita
645 2602 759 2675 rideri
782 2602 909 2697 possit:
928 2602 1061 2697 poetica
1081 2613 1176 2673 certe

115 2720 169 2782 est
188 2722 224 2781 et
244 2708 341 2781 illius
359 2711 465 2783 aetati
480 2734 645 2805 congrua.
661 2704 832 2778 Similiter
847 2707 992 2804 quidam
1016 2719 1180 2783 veterum

115 2811 232 2886 stellas
257 2815 426 2888 dixerunt
447 2816 575 2909 lapidee
599 2819 725 2907 ι’ρηίίοι
753 2808 787 2880 ⁵⁶.

160 3093 221 3173 (53)
243 3093 378 3155 Stohaeus
397 3095 429 3166 1,
452 3114 500 3175 27.
524 3113 552 3174 p.
570 3089 637 3157 556.

159 3223 222 3303 (54)
242 3222 307 3283 vid.
329 3224 440 3304 isagoge
460 3223 489 3281 in
511 3227 624 3283 hratum
645 3242 705 3301 cap.
727 3219 779 3280 XI.

160 3353 224 3435 (55)
244 3354 323 3414 Stob.
342 3354 376 3427 Ι,
397 3352 445 3413 25.
463 3374 492 3433 p.
515 3351 573 3411 512
593 3371 634 3427 sq.
657 3349 721 3410 add.
736 3350 872 3411 Plutarch.
894 3348 965 3431 plac.
986 3348 1052 3430 phil.
1073 3350 1114 3427 ΙΙ,
1136 3351 1184 3408 ι3.

116 3448 217 3508 Galen.
237 3446 320 3505 XIII.
340 3444 478 3517 Theodor.
489 3443 576 3503 Sam.
594 3444 653 3541 Ν,
676 3464 705 3523 p.
721 3442 770 3523 59.

160 3575 220 3655 (56)
241 3577 344 3636 Notum
364 3588 423 3650 est,
447 3578 625 3654 Anaxagorae
656 3573 766 3632 crimini
789 3572 884 3633 datum
909 3568 1063 3649 essequod
1092 3570 1181 3626 solem

119 3666 238 3725 dixisset
262 3664 364 3748 μέέριι
393 3666 451 3724 sire
480 3662 558 3723 aro'lrr
589 3659 717 3721 έιέπνω
664 3689 725 3743 νεαρ
720 3661 904 3743 .chophon
936 3661 1051 3719 Memor.
1071 3657 1127 3731 lv,
1153 3677 1181 3738 7.

117 3756 292 3817 Valckenaer
316 3757 405 3815 Diatr.
430 3754 527 3836 Eurip.
547 3773 606 3834 cap
627 3753 677 3826 lv,
702 3775 731 3835 p
757 3754 795 3812 30
815 3773 855 3830 sq.
873 3748 1041 3809 Schaubaoh.
1058 3749 1181 3825 Anaxag.

117 3848 219 3926 fragm.
238 3869 267 3949 p.
293 3850 349 3929 139
367 3866 426 3924 sqq.
446 3846 578 3905 Similiter
602 3842 667 3903 del
654 3846 729 3903 luna
750 3857 777 3903 et
801 3844 943 3901 sideribus
963 3839 1052 3914 dixit3
1074 3837 1184 3898 eadem·

119 3957 174 4017 que
201 3938 297 4018 opinio
316 3936 434 4016 Diogeni
460 3934 668 4016 Apolloniatae,
697 3933 873 4006 Democrito,
899 3928 1033 3989 Archelao
1051 3929 1183 4010 placuisse

117 4028 221 4087 fertur.
254 4024 320 4085 vid.
352 4026 486 4086 Stohaeus
518 4025 592 4083 Part.
617 4023 650 4099 Ι,
678 4024 712 4081 Τ.
738 4022 765 4079 ΙΙ
779 4040 842 4100 ,p
864 4016 932 4079 508.
954 4017 1092 4078 Plutarch.
1112 4018 1183 4100 plac.

117 4116 191 4201 phil
210 4119 258 4194 ΙΙ,
283 4121 327 4178 13.
