2842 4884
263 403 287 464 2
711 417 905 460 senoensem

312 572 432 669 Hujus
462 581 585 643 autem
612 580 766 642 aetatem
795 571 995 642 accuratius
1023 569 1172 642 definire
1201 567 1345 643 difficile

263 692 331 772 est,
351 679 449 777 quod
475 689 512 750 et
538 690 692 768 veteres,
719 703 877 775 quorum
892 678 1101 751 'testimonia
1124 678 1345 775 accepimus,

262 788 301 859 in
314 785 479 859 notandis
494 787 574 880 ejus
586 784 810 883 temporibus
826 801 860 858 et
876 781 1090 882 aequalibus
1107 783 1347 856 memorandis
1412 782 1413 785 ’

261 917 478 989 magnopere
503 891 696 984 dissident,
733 917 801 966 nec
829 892 1043 965 recentiores
1074 890 1114 961 in
1153 890 1217 980 iis,
1251 914 1347 987 quae

239 998 307 1070 ¹de
337 1009 453 1070 aetate
478 996 659 1097 rebusque
678 1001 758 1094 ejus
784 997 920 1095 prodita
956 1009 1042 1067 sunt
1055 1051 1076 1088 ,,
1104 995 1347 1068 describendis

261 1115 542 1202 temporumque
573 1105 697 1178 ordine
720 1103 977 1177 constituendis
1003 1104 1100 1175 inter
1137 1127 1175 1174 se
1210 1127 1345 1178 conve·
1412 1146 1413 1237 ,

260 1211 380 1283 niunt.

665 1393 668 1398 ¹
765 1388 838 1489 §a

308 1570 339 1641 Ε
365 1567 549 1644 veteribus
573 1567 647 1640 duo
671 1569 867 1667 praecipue
890 1572 1112 1645 memorandi
1132 1585 1219 1646 sunt
1239 1585 1347 1648 testes

258 1679 469 1777 gravissimi,
493 1677 659 1749 Timaeus
679 1689 718 1749 et
740 1675 1003 1774 Apollodorus3
1026 1704 1184 1778 quorum
1200 1681 1260 1753 bic
1275 1683 1347 1757 Xe-

258 1787 465 1885 nophanem
489 1782 631 1882 Olymp.
651 1783 700 1875 ilo
721 1797 850 1856 natum
867 1785 912 1857 ad
931 1791 1017 1880 Cyri
1040 1800 1077 1860 et
1103 1791 1212 1860 Darii
1228 1815 1347 1887 usque

259 1905 415 1968 aetatem
440 1892 567 1966 vixisse
591 1891 663 1982 ait3
689 1890 753 1964 ille
778 1905 901 1963 autem
927 1899 1100 1982 Hieroni,
1128 1896 1254 1993 etqui
1278 1896 1349 1968 sub

258 2027 302 2075 eo
318 1999 458 2090 floruit,
488 1999 701 2092 Epicharmo
728 2023 815 2070 eum
841 2000 927 2071 facit
949 1999 1147 2098 aequalem.
1180 2002 1349 2076 Clemens

259 2106 364 2179 Alex.
382 2108 511 2177 Strom.
525 2105 559 2192 Ι,
577 2129 613 2201 p.
636 2102 720 2175 301.
735 2104 774 2176 C.
792 2125 841 2188 τῆς
868 2108 901 2176 δὲ
923 2100 1096 2192 'Eleatae
1120 2121 1235 2205 ἀγωγῆς
1264 2112 1351 2182 Ξενο-

261 2225 349 2312 φάνης
368 2223 383 2282 ὁ
406 2210 578 2310 Κολοφώνιος
601 2223 757 2309 κατάρχει,
775 2212 808 2282 ίίν
831 2241 898 2310 φησι
923 2219 1042 2305 Τίραιος
1058 2224 1140 2286 ’κατὰ
1171 2216 1347 2312 Ἱέρωνα,

260 2327 308 2391 τὸν
334 2318 470 2398 Σικελίας
505 2320 631 2404 daretem
675 2327 726 2389 καὶ
754 2314 1012 2418 Ἐπίχαρμον
1045 2328 1091 2392 τὸν
1119 2335 1234 2407 ποιητὴν
1263 2352 1350 2420 γεγο-

260 2437 349 2498 νέναι·
376 2422 587 2524 Ἀπολλόδωρος
608 2429 639 2497 δὲ
655 2435 733 2498 κατὰ
757 2437 811 2511 τήν
833 2440 1051 2525 τεοσαρακοςὴν
1075 2425 1265 2524 Ὀλυμπιάδα
1296 2461 1349 2527 γε·

258 2547 373 2631 νόμενον
398 2544 634 2633 παρατετακέναι
660 2533 729 2630 (τὸν
745 2535 835 2634 βίον)
856 2536 931 2634 α’ίχρι
952 2556 1008 2608 τῶν
1032 2541 1216 2636 Δαρείου
1240 2567 1271 2609 τε
1296 2549 1351 2612 καί

259 2643 320 2716 Κί
329 2671 398 2740 ρον
442 2653 555 2741 χρόνων
584 2639 606 2712 ³.
645 2643 786 2714 Horum
830 2644 1031 2716 testimonia
1068 2659 1250 2744 quantum
1275 2646 1349 2719 dis-

308 2793 321 2821 J

301 2858 406 2920 Strabo
422 2855 455 2916 L.
475 2854 566 2926 XIV,
585 2855 601 2938 ὃ
622 2853 677 2931 28,
702 2875 732 2937 p.
753 2855 835 2934 6433
858 2855 958 2940 airdpcs
980 2856 1017 2920 dl
1039 2857 1160 2932 ἐγίνοντο
1179 2857 1349 2939 Κολοῲοίνοοο

259 2960 310 3012 vde
329 2947 561 3028 μονρανοοομίνοον
579 2943 755 3029 Μίμνερμος,
775 2947 899 3018 ον’λητνίο
916 2944 979 3028 οἶμα
999 2949 1047 3013 καί
1066 2945 1182 3020 terreris
1200 2954 1350 3030 ίλνγείις,

259 3038 306 3102 nal
333 3037 552 3118 Ξενοφάνης-η

303 3133 345 3212 (3)
368 3133 509 3190 Postrema
519 3128 587 3186 baec
606 3127 692 3188 verba
704 3175 713 3202 ,
726 3126 790 3209 ίίχρι
812 3139 862 3189 τίὶν
883 3131 992 3213 Δαρείου
1012 3158 1042 3194 rs
1062 3134 1109 3193 zat
1129 3134 1210 3215 Κίροο
1233 3134 1349 3214 misus,

260 3223 364 3283 merito
380 3229 507 3300 suspecta
518 3229 604 3291 sunt,
622 3229 654 3275 ut
670 3216 728 3300 jam
745 3221 855 3279 notavit
865 3221 1029 3285 Dodwellus
1041 3222 1076 3283 de
1091 3225 1232 3288 veteribus
1244 3223 1349 3287 Graec.

261 3325 290 3372 et
315 3313 396 3372 Rom
422 3308 506 3390 cyclis
531 3328 559 3387 p.
585 3304 651 3367 135.
678 3307 751 3366 Nam
779 3311 897 3369 Darius
919 3313 1042 3372 Nothus
1063 3326 1092 3372 et
1116 3317 1214 3414 Cyrus
1236 3315 1346 3391 minor,

260 3401 335 3463 illius
355 3399 448 3468 filius,
468 3397 637 3456 recentiores
657 3409 724 3455 sunt
735 3418 846 3476 ,quam
866 3413 897 3459 nt
916 3399 962 3460 hic
980 3401 1099 3485 intelligi
1117 3404 1250 3483 possint3
1269 3408 1348 3463 Me-

239 3496 334 3556 'dum
353 3502 446 3551 autem
465 3490 587 3567 Regem,
607 3486 675 3569 Cyri
693 3487 806 3569 majoris
825 3488 1011 3567 decessorem,
1034 3513 1116 3592 quern
1133 3513 1227 3553 sacrae
1248 3493 1349 3556 literae

260 3583 395 3643 Darium
414 3577 579 3652 nominant,
598 3576 786 3658 Apollodorus
806 3592 881 3639 certe
900 3579 953 3640 boc
975 3584 1088 3641 nomine
1106 3603 1165 3641 non
1182 3582 1347 3664 appellavit.
1410 3622 1411 3671 ,

261 3675 292 3735 si
317 3694 381 3754 ergo
407 3673 529 3730 Darius
554 3672 743 3749 Hysmspis,
767 3682 798 3729 ut
822 3673 961 3752 plerisque
985 3674 1120 3745 videtur,
1144 3675 1349 3755 intelligendos

262 3766 323 3838 sit,
347 3773 455 3822 mutato
482 3755 582 3819 ordine
603 3760 687 3820 scribi
709 3760 861 3840 oportuit,
888 3760 953 3840 ίίχμ
980 3773 1031 3824 τοῖν
1047 3765 1131 3847 Κίροο
1152 3764 1200 3826 καί
1222 3764 1347 3849 neptim

261 3853 374 3936 Bayle
366 3875 396 3911 m
418 3850 535 3911 diction.
554 3869 583 3909 v.
604 3851 744 3929 Xenopb.
765 3850 931 3931 conjiciebat
950 3876 1001 3937 pro
1022 3855 1105 3938 Δία’
1081 3883 1131 3918 eoos
1151 3858 1351 3961 reponendum

197 3971 201 3983 ¹
261 3963 321 4002 esse
335 3962 437 4001 nomen
454 3938 536 4021 Κροίο
518 3967 575 4000 rou.
599 3940 733 4019 Origenes
752 3939 913 4025 Philosoph.
935 3946 966 4005 (i.
982 3885 1079 4008 XIV.P
1088 3948 1163 4029 Opp
1179 3948 1214 4005 Τ.
1234 3949 1257 4006 Ι.
1281 3949 1350 4008 sim·

261 4032 373 4114 pliciter
388 4025 507 4091 dicit:
489 4055 570 4093 ουτος
581 4025 629 4092 ἕως
645 4028 729 4113 Κίροο
745 4029 889 4111 διέμεινα,
905 4035 981 4098 nulle
994 4040 1088 4098 Darii
1097 4039 1171 4100 iacta
1183 4039 1347 4112 mentione3

260 4120 335 4200 quod
358 4121 452 4181 nescio
472 4141 507 4181 au
526 4121 702 4203 probandum
723 4124 769 4183 sit.
