2842 4884
496 392 570 436 ura
594 391 632 434 ar
655 393 777 435 saunis.
1170 373 1192 439 7

105 540 224 613 bitari.
247 539 344 635 Quid
372 541 525 617 autem?
554 543 583 615 si
610 544 826 617 recentiores
850 541 1061 616 hocerrore
1085 541 1189 616 falsos

104 647 270 722 videmus
278 701 291 734 ,
305 674 427 722 nonne
440 650 536 722 idem
550 649 733 723 veteribus
745 648 909 721 accidisse
925 647 1096 723 credibile
1112 662 1185 744 est,

103 766 150 826 nt
178 755 272 827 bella
300 783 320 826 a
346 757 452 829 Dario
480 769 518 830 et
544 757 663 830 Xerxe
685 756 857 830 Graeciae
881 755 981 828 illata
1008 783 1093 829 cnm
1122 783 1182 831 su-

103 862 244 958 periore
264 861 382 954 bello,
407 889 479 961 qno
503 863 621 964 Cyrus
640 865 778 940 Ionicas
803 865 965 937 civitates
991 866 1182 961 oppressit,

102 968 362 1040 confuderint?
400 969 484 1043 inde
513 983 634 1042 natam
659 997 733 1045 esse
769 971 1002 1071 quorundam
1040 971 1183 1068 opinio-

103 1099 208 1166 nem,
223 1073 481 1172 Xenophanem
504 1076 675 1170 Hieroni,
695 1081 762 1177 qui
787 1077 905 1151 Xerxe
926 1089 1099 1176 regnante
1119 1075 1186 1149 flo-

103 1183 202 1274 ruit,
230 1183 336 1255 luisse
361 1183 577 1281 aequalem?
596 1185 711 1256 Simili
734 1211 883 1285 quoque
905 1209 1026 1258 errore
1046 1183 1184 1257 factum

103 1301 177 1381 est,
196 1302 239 1362 ut
254 1290 462 1384 Massiliam,
486 1318 599 1392 quam
615 1294 698 1392 Cyri
712 1293 935 1391 temporibus
950 1291 1185 1366 incoluerunt

102 1395 361 1489 Phocaeenses,
399 1398 548 1497 quidam
579 1412 753 1500 regnante
775 1400 883 1471 Dario
909 1400 1089 1497 Hystaspis
1103 1425 1184 1470 oon·

101 1501 213 1586 ditem
239 1501 456 1597 retulerint,
500 1507 539 1577 in
564 1531 638 1605 quo
662 1506 828 1581 similiter
855 1531 1000 1605 prorsus
1034 1505 1180 1578 confusa

99 1621 186 1681 sunt
214 1622 373 1710 tempora
399 1622 431 1682 ¹¹.

528 1861 675 1946 aa.

147 2058 242 2134 Haec
258 2061 339 2133 satis
353 2059 475 2136 valent
504 2074 548 2134 ut
570 2061 703 2135 Timaei
722 2062 973 2136 auctoritatem
990 2057 1179 2156 relinqua-

95 2191 202 2258 mus,
226 2167 420 2265 probemus
448 2180 571 2241 autem
598 2194 678 2260 eos,
705 2170 771 2267 qui
798 2167 1028 2266 Xenophanis
1052 2164 1178 2238 florem

94 2272 140 2342 in
158 2275 413 2372 ¹'sexagesimam
442 2275 518 2348 fere
547 2273 798 2374 Olympiadem
824 2274 988 2347 incidisse
1014 2272 1177 2344 tradunt.

37 2377 43 2390 “
94 2379 203 2474 Quod
229 2383 376 2481 quidem
399 2385 643 2456 testimonium
664 2382 976 2482 cumApollodori
1000 2381 1178 2455 sententia

92 2487 262 2562 facillime
292 2488 472 2562 conciliari
492 2503 598 2589 putat
622 2491 714 2562 Clar.
746 2490 879 2562 Cousin
893 2500 939 2582 ¹²,
964 2501 1076 2587 atque
1105 2498 1177 2559 sta-

92 2597 179 2687 tuit,
198 2595 456 2694 Xenophanem
471 2597 519 2688 40
538 2597 750 2697 Olympiade
765 2611 906 2689 natum,
926 2623 1044 2695 quum
1060 2595 1177 2680 maxi-

90 2728 191 2773 mam
212 2704 335 2776 aetatis
360 2696 500 2801 partem
527 2705 787 2804 peregrinando
815 2705 1064 2803 transegisset,
1087 2727 1191 2800 pro-¹

90 2819 195 2883 vecta
236 2812 311 2907 jam
356 2823 541 2901 senectute
578 2823 687 2910 atque
729 2811 994 2910 octogenarium
1021 2809 1177 2880 maxime

90 2917 315 3010 inclaruisse,
335 2931 371 2992 et
390 2920 433 2992 ad
453 2917 502 3012 64
515 2917 783 3020 Olympiadem,
796 2945 868 3019 qua
880 2920 1010 2991 Darius
1020 2942 1176 3017 regnum

90 3028 296 3124 occupavit,
315 3027 422 3100 fuisse
442 3029 682 3126 superstitem.

142 3134 239 3207 Haec
263 3147 384 3208 tamen
414 3135 534 3232 opinio
563 3160 688 3209 vereor
718 3147 761 3206 ut
786 3132 894 3233 possit
917 3133 1064 3205 omnino
1089 3157 1176 3230 pro-

88 3238 180 3311 bari.
201 3241 291 3313 Nam
307 3243 472 3340 quamvis
485 3254 647 3342 vegetam
663 3239 727 3314 ille
750 3252 787 3314 et
801 3239 987 3340 gloriosam
1005 3239 1175 3314 habuerit

88 3360 341 3440 senectutem,
369 3352 428 3425 rix
445 3362 568 3422 tamen
586 3362 640 3422 est
653 3348 838 3447 probabile
855 3374 942 3422 eum
958 3361 1031 3420 tam
1047 3346 1177 3447 grandi

89 3455 240 3530 demum
272 3467 363 3527 natu
389 3454 624 3530 inclaruisse:
643 3469 725 3528 tum
754 3457 873 3554 potius
895 3456 1062 3546 videtur,
1089 3475 1174 3524 cum

128 3708 195 3789 (rr)
216 3708 284 3770 vid.
293 3711 409 3772 Vossius
420 3711 456 3772 ad
471 3711 574 3773 lustin.
592 3709 706 3784 XLlll,
727 3711 762 3783 3,
781 3707 810 3788 4.
822 3709 887 3768 Pari
906 3677 989 3768 modo
999 3705 1135 3766 Eusebius
1146 3705 1178 3765 in

90 3798 300 3860 chron.canone
310 3802 517 3883 Pythagoram
527 3801 607 3884 ponit
617 3799 717 3860 Dario
725 3801 890 3878 Hystaspis
902 3795 1052 3878 aequalem,
1064 3794 1179 3878 olymp,
1196 3879 1200 3888 .

87 3888 309 4064 &libitum
334 3981 408 4042 laud.
429 4003 459 4064 p.
483 3981 682 4044 insimiliter
701 3979 1016 4042 arbitratanabricius
1042 3978 1079 4040 ad
1103 3981 1181 4043 Sext.

87 4069 197 4154 Empir.
219 4071 283 4135 adv.
303 4071 437 4134 Mathem.
453 4073 486 4148 Ι,
508 4094 536 4156 p.
556 4093 624 4156 ²7⁰·
641 4076 675 4132 A.
