2842 4884
249 399 295 465 88
587 423 779 466 xnrrornsnrs
803 423 976 480 sumemus.

193 635 221 664 χ
248 575 389 646 fortasse
403 572 648 672 dederitqnod
670 574 901 673 Empedocles
914 576 954 648 in
976 576 1134 650 camnine
1160 603 1225 651 suo
1248 579 1329 652 Xe-

248 682 423 858 nophani8
434 682 715 755 contradixisset.
741 684 787 757 cf.
801 683 945 781 suprius
970 684 1062 756 dicta
1087 709 1123 782 p.
1163 686 1216 778 4,
1246 699 1329 759 not.

248 799 286 861 et
311 812 397 886 p.2
431 799 542 878 ,not

699 955 874 1022 XXXVIII.

240 1195 248 1218 ⁸
296 1203 510 1280 Plutarchus
535 1206 702 1282 adversus
732 1210 864 1282 Stoicos
901 1209 1107 1308 disputans,
1136 1235 1173 1307 p.
1206 1210 1333 1302 1084,

212 1369 218 1376 .
248 1311 285 1381 T.
311 1310 359 1403 X,
379 1337 414 1410 p.
435 1311 523 1405 462,
548 1313 667 1385 utitur
688 1313 757 1388 hoe
781 1315 1007 1413 Xenophanis
1028 1314 1145 1387 dicto:
1164 1325 1179 1383 ὁ
1197 1320 1250 1406 μὲν
1276 1312 1334 1386 οὖν

128 1493 134 1506 ,
247 1416 429 1515 Ξενοφάνης,
450 1421 626 1514 διηγουμένω
648 1426 719 1500 τινὸς
736 1427 868 1516 ἑγχελεις
890 1429 1092 1518 ἑωρακέναιὶν
1113 1421 1196 1492 ὕδατι
1220 1415 1336 1517 θερμῷ

247 1532 366 1615 ζώσας,
397 1531 531 1616 Οὐκοῦν,
570 1524 669 1616 εἶπεν,
705 1537 736 1600 ἐν
772 1531 875 1627 ψυχρῷ
905 1535 993 1608 αὑτὰς
1025 1534 1174 1622 ἐψήσομεν.
1205 1528 1333 1620 Quam

245 1631 363 1704 multa
387 1631 452 1706 illa
476 1645 591 1706 aetate
616 1634 661 1706 de
685 1634 793 1708 rebus
818 1634 1043 1707 naturalibus
1064 1635 1245 1706 ferrentur
1269 1634 1333 1707 fa-

222 1734 371 1810 ·bulosa
415 1763 521 1811 nemo
563 1738 726 1838 ignorat3
756 1740 984 1838 Xenophanis
1017 1751 1141 1813 autem
1176 1753 1358 1837 respon-'

247 1867 328 1916 sum
355 1841 473 1939 (sire
499 1871 582 1921 vera
607 1846 650 1918 sit
675 1845 721 1918 ab
745 1844 808 1918 illo
832 1846 998 1944 editum)
1025 1856 1174 1918 acutum
1207 1857 1260 1918 est
1288 1858 1334 1918 et

247 1973 448 2046 congruum
475 1951 587 2025 veteri
620 1951 675 2023 illi
705 1952 934 2051 physicorum
958 1949 1109 2048 placito,
1140 1950 1332 2032 contrariis
1418 2006 1419 2033 .

247 2056 422 2129 contraria
447 2056 587 2134 dissolri
613 2067 649 2130 et
676 2059 835 2133 interire.

709 2308 855 2371 XXXIX.

297 2505 470 2606 Diogenes
489 2508 648 2583 Laertius
673 2509 748 2602 IX,
773 2520 855 2582 sect.
886 2534 944 2608 19,
961 2508 1172 2606 Xenophani
1197 2507 1333 2582 tribuit

246 2609 314 2684 hoc
343 2614 522 2687 moultum
560 2641 568 2686 :
597 2635 652 2695 τοῖς
684 2627 824 2712 τυράννοις
853 2613 1076 2710 ἐνωγχάνεινῆ
1116 2626 1154 2693 ὡς
1189 2615 1282 2699 ἥκιςα
1309 2615 1334 2699 ἢ

248 2727 286 2796 ὡς
306 2719 405 2803 ἥδιςα.
430 2720 557 2793 Eidem
582 2720 789 2793 adscribunt
814 2719 1010 2819 Hesychius
1034 2717 1107 2788 ttil.
1127 2746 1162 2817 p.
1190 2719 1258 2811 31,
1292 2733 1333 2794 et

247 2823 374 2897 Suidas
400 2852 432 2900 v.
457 2829 560 2912 ἥκιςα.
588 2828 652 2925 qui
678 2840 716 2898 et
741 2826 896 2900 alterum
931 2826 998 2897 hoc
1020 2825 1211 2922 adjungit:
1233 2827 1333 2911 larg-a
1416 2872 1417 2893 2

247 2934 372 3022 μελῆσαι
405 2938 496 3013 αὐτοῖς
525 2934 612 3029 (τοῖς
647 2933 820 3030 τυράννοις)
844 2951 892 3015 τῆς
921 2935 1074 3013 &luridas-
1106 2930 1205 3004 Illud
1239 2957 1333 3004 vero

248 3035 435 3108 Aristoteli
445 3039 572 3112 tribuit
585 3038 750 3112 Valerius
761 3039 851 3109 llax.
874 3037 960 3128 VII,
976 3061 1016 3127 2,
1032 3061 1087 3109 ex.
1113 3062 1150 3105 rr
1169 3063 1177 3106 :
1194 3036 1332 3112 «Aris

168 3215 170 3220 ,
246 3164 270 3217 2>
298 3141 423 3214 toteles
435 3158 558 3218 autem
571 3145 823 3218 Callisthenem
834 3143 1033 3216 auditorem
1045 3168 1153 3214 suum
1165 3143 1210 3215 ad
1221 3141 1333 3217 Alex-

249 3269 271 3316 r>
300 3246 455 3319 andrum
473 3251 655 3323 dimittens
670 3250 827 3339 monuit,
852 3261 896 3320 ut
911 3274 995 3320 cum
1011 3273 1053 3321 eo
1071 3260 1135 3320 aut
1152 3248 1332 3323 rarissime
1415 3328 1416 3335 χ

248 3377 271 3423 ))
298 3365 481 3450 autquam
492 3357 751 3451 jucundissime
766 3354 989 3453 loqueretur.
1005 3380 1026 3426 »
1043 3355 1135 3427 Item
1163 3355 1333 3428 Ammia-
1415 3354 1416 3357 '

248 3485 320 3533 nus
343 3459 497 3535 Marcell.
511 3463 549 3536 L.
565 3463 712 3554 XVIII,
727 3489 763 3562 p.
784 3463 852 3534 118
877 3489 885 3533 ε
912 3464 1057 3535 «Vetus
1069 3460 1267 3535 Aristotelis
1277 3487 1333 3534 sa·

247 3590 270 3640 ))
298 3566 402 3665 piens
415 3567 563 3661 dictum,
575 3571 639 3668 qui
653 3568 1117 3645 Callisthenemsectatorem
1127 3578 1165 3640 et
1177 3567 1333 3665 propin-

248 3698 270 3746 »
299 3700 416 3773 quum
428 3701 535 3750 suum
547 3677 592 3750 ad
605 3677 739 3775 Regem
755 3676 1002 3750 Alexandrum
1016 3677 1161 3747 mittens
1173 3675 1208 3747 ei
1222 3699 1332 3772 saepe
1414 3742 1415 3771 ἶ

248 3805 271 3851 »
299 3783 504 3876 mandabat,
520 3797 563 3856 ut
575 3809 684 3883 quam
702 3785 876 3858 rarissime
888 3782 1099 3879 etjucunde
1110 3782 1207 3880 apud
1220 3782 1332 3854 homi·
1414 3788 1415 3799 ³

229 3913 270 3959 .))
297 3893 607 3992 nemloqueretur.
621 3918 643 3965 >r
659 3893 970 3966 Testimoniahaec
982 3891 1082 3965 affert
1092 3893 1269 3964 Kusterus
1281 3890 1331 3962 ad

249 3995 407 4091 Suidam‚
423 4001 521 4074 unde
535 4011 631 4100 patet
644 4012 827 4074 auctorem
840 4002 919 4094 ejus
931 3999 1018 4072 dicti
1028 4025 1103 4070 non
1115 4011 1257 4073 certum
1267 3997 1330 4069 ha·

247 4099 337 4176 beri.
367 4103 436 4177 Cfr.
454 4118 575 4180 autem
588 4106 729 4182 dictum
741 4107 899 4181 Isocratis
912 4106 956 4180 ad
968 4106 1070 4179 Dem.
1084 4133 1114 4180 c.
1137 4106 1198 4178 IV.
1227 4129 1263 4202 p.
1291 4103 1326 4174 8.
