2842 4884
250 407 295 472 64
591 471 594 476 ,
691 426 885 470 xnronnnnrs

250 582 495 670 παλαισμοσύνην,
513 598 575 671 np.
591 581 716 670 ἀγαθός.
733 573 905 646 Similiter
917 573 1095 647 Pindarus
1108 573 1252 674 Olymp.
1265 576 1337 667 VI,

258 709 298 784 17
318 710 325 755 :
342 695 444 776 μάντιν
462 676 486 750 τ’
509 687 623 783 ἀμαθόν
648 689 699 750 καὶ
723 681 797 778 δὀνμῖ
818 688 1005 778 μάρνασθαι.
1023 681 1102 752 Mox
1127 681 1249 754 denuo
1272 707 1339 758 va-

250 791 320 862 riat
347 791 387 859 in
412 805 551 879 τοιχνιητι
581 789 692 875 ποδῶν,
720 787 786 859 ubi
810 785 1034 886 intelligatur
1057 789 1136 882 νικῷ.

300 921 350 969 vs.
381 895 434 978 18.
458 889 518 964 ἀσά
542 936 591 949 -
606 894 681 992 ἔμμοι
697 899 789 965 πελει.
813 894 975 993 Interpp.
1003 895 1092 968 haec
1115 894 1224 970 verba
1249 897 1339 989 jun·

251 1015 344 1102 gunt
364 1027 449 1075 cum
473 1002 701 1101 praecedenti
719 1001 839 1099 ῥώμης,
856 1001 972 1078 τελικά
992 1001 1131 1075 dietum
1150 1015 1240 1075 esset
1255 1003 1308 1074 ita
1329 1029 1337 1072 ε

253 1120 340 1206 τόπεμ
363 1109 412 1192 igr
427 1117 560 1206 πρότιμον
586 1127 640 1178 τῶν
668 1108 768 1205 μ’ώμης
792 1109 886 1206 ἔμμων
909 1104 971 1178 όσσ’
996 1117 1026 1179 ἐν
1043 1119 1131 1203 ἀγῶνι
1155 1113 1247 1187 πελει.
1273 1107 1339 1179 Ρο-

259 1219 333 1290 tius
368 1218 443 1288 όσσοι
485 1216 719 1289 referendum
759 1228 850 1314 puto
891 1214 935 1287 ad
979 1228 1108 1288 cuncta
1140 1214 1202 1287 illa
1244 1242 1339 1314 quae

251 1325 359 1398 modo
384 1327 596 1401 memoravit
629 1325 870 1398 certaminum
899 1348 1030 1422 genera
1059 1352 1067 1394 ;
1095 1323 1337 1422 pugillatum,

255 1431 556 1531 quinquertium,
582 1430 745 1523 luctam,
761 1455 933 1523 cursum,
953 1429 1087 1529 quihus
1102 1431 1199 1502 inter
1215 1455 1252 1502 se
1272 1431 1340 1508 viri

255 1537 410 1611 solerent
436 1537 665 1610 contendere.

302 1671 351 1722 vs.
384 1668 439 1743 19.
468 1644 598 1714 τοῦνεκεν
626 1643 677 1713 ἀν.
698 1643 757 1717 Sic
782 1643 905 1742 plures
929 1643 1035 1736 libri,
1060 1668 1150 1741 quos
1175 1645 1339 1743 sequitur

254 1753 481 1844 Dindorfius3
508 1751 569 1822 alii
593 1751 725 1821 τοῦνεκεν
743 1751 795 1848 ἀμ.
860 1757 870 1786 ‘

305 1886 355 1934 vs.
371 1887 372 1892 ¹
386 1885 443 1930 21.
472 1859 557 1954 νικῷ.
586 1857 879 1957 schweighauser
895 1869 959 1930 aut
983 1860 1072 1952 νικῴη
1089 1868 1154 1931 aut
1172 1859 1243 1948 νικᾷ
1255 1858 1339 1930 scri-

256 1965 419 2040 bendum
440 1965 547 2038 fuisse
573 1966 740 2063 putabat,
768 1964 876 2037 falsus
904 1964 943 2034 in
970 1989 1012 2036 eo
1042 1964 1141 2061 quod
1174 1965 1339 2062 opinaba-

256 2087 319 2145 tur
342 2073 382 2144 in
405 2075 567 2170 optativo
583 2072 653 2145 dici
672 2097 748 2145 non
763 2097 862 2169 posse
884 2073 977 2166 νικῷ,
1004 2071 1103 2169 quod
1125 2084 1249 2145 tamen
1273 2070 1339 2144 usi-

258 2190 376 2252 tatum
402 2191 466 2250 est.

306 2311 356 2361 vs.
379 2309 438 2356 22.
458 2291 487 2356 οὐ
511 2294 569 2383 γάρ
586 2296 700 2358 πιαίνει.
716 2283 945 2382 Xenophanis
969 2285 1036 2358 hoc
1058 2284 1197 2358 dictum
1212 2287 1341 2384 repetit

259 2392 421 2465 Eustath.
446 2418 483 2489 p.
509 2418 620 2491 ταας),
645 2419 702 2463 21.
721 2405 766 2465 ut
781 2403 881 2463 notat
900 2393 1006 2479 Dind.
1024 2394 1249 2467 Sententiam
1269 2419 1340 2469 ver-

259 2525 370 2572 suum
394 2497 673 2596 15-19illustrat
688 2498 788 2572 locus
811 2497 970 2569 Isocratis
986 2497 1115 2596 Paneg.
1137 2500 1166 2570 I.
1196 2505 1340 2579 Πολλάκις

259 2613 421 2699 ἐθαύμασα
438 2649 488 2660 —-
508 2607 551 2677 ότι
577 2615 629 2684 τάς
660 2610 713 2700 μὲν
739 2622 796 2674 τῶν
817 2614 959 2698 σωμάτων
981 2607 1090 2689 εὐεξίας
1116 2608 1188 2676 citu
1209 2613 1342 2701 μεγάλων

257 2716 370 2811 espect
396 2717 549 2800 ἠξίωσαν,
572 2731 628 2792 τοῖς
648 2715 680 2783 δὲ
705 2716 777 2808 ὑπὲρ
798 2727 853 2782 τῶν
874 2728 971 2782 κοινῶν
992 2713 1050 2799 ἰδίᾳ
1071 2724 1208 2792 πονήσασι
1232 2721 1341 2790 καὶτὰς
1367 2751 1370 2753 ·

259 2832 364 2894 ἑαντῶν
379 2829 475 2916 ψνχάς
491 2823 562 2892 οὕτω
575 2833 833 2918 παρασκευάσασιν
844 2820 918 2889 ὥστε
929 2824 979 2887 καὶ
989 2825 1050 2897 τσλς
1060 2821 1164 2898 ἄλλοις
1175 2823 1292 2918 ὠφελεῖν
1301 2822 1343 2890 δό-

259 2936 396 3015 νασθαι,
421 2934 523 3006 τούτοις
549 2929 681 3019 οὐδεμιόιν
708 2938 793 3022 τιμὴν
822 2933 997 3016 ἀπένειμαν·
1028 2922 1068 2994 εἶν
1093 2932 1166 3002 εἰκός
1191 2924 1225 3006 ἦν
1252 2929 1342 3002 αὐτνλς

259 3037 369 3126 μᾶλλον
392 3039 572 3112 ποιήσασθαι
601 3043 744 3128 πρόνοιαν.
767 3038 833 3102 Τῶν
859 3035 911 3122 μὲν
935 3037 993 3126 γάρ
1015 3033 1156 3111 ἀθλητῶν
1181 3032 1224 3108 ’δὶς
1249 3036 1341 3101 rocei-

261 3167 312 3219 την
335 3136 436 3233 ῥώμην
464 3139 640 3225 λαβόντων,
666 3141 743 3208 οὐδὲν
766 3136 805 3204 ἀν
833 3140 916 3206 πλέον
941 3145 1047 3230 γένοιτο
1067 3155 1124 3212 τοῖς
1150 3135 1266 3214 ἀλλοις·
1290 3141 1340 3210 ἑνός

260 3246 414 3339 δὲἀνόμός
437 3239 469 3314 εὖ
493 3256 679 3341 φρονήσαντα
704 3246 832 3324 ἅπαντες
854 3242 894 3312 ἀν
919 3247 1113 3315 ἀπολαύσειαν
1135 3253 1159 3313 οἱ
1184 3245 1338 3335 βαλόμενοι

263 3369 404 3424 κοινωνειν
417 3345 479 3434 τῆς
509 3360 613 3425 ἐκεῖνον
638 3353 771 3429 όιανοιόις.
