2842 4884
473 414 547 459 vm
571 415 609 456 BT
632 415 756 457 sunum.

581 617 656 702 §a

132 801 294 874 Vidimus
316 799 575 898 Xenophanem
599 799 696 896 poiisi
714 801 922 897 praesertim
944 827 1090 900 operam
1106 804 1165 877 de·

90 910 192 1002 disse,
225 909 325 1008 quod
358 908 520 981 studium
550 905 612 979 ille
655 933 730 979 non
762 909 868 980 modo
902 910 946 981 ad
979 909 1165 985 liberalem

89 1018 190 1089 animi
210 1016 506 1103 oblectationem,
526 1015 586 1088 sed
610 1012 727 1088 multo
750 1017 859 1115 magis
877 1018 923 1089 ad
944 1018 1165 1110 utilitatem,

89 1125 128 1197 ad
153 1125 335 1198 doctrinae
372 1123 590 1221 virtutisque
620 1124 968 1198 commendationem
1002 1127 1166 1201 retulisse

88 1231 236 1304 videtur.
261 1233 389 1328 Itaque
408 1230 626 1303 carminibus
645 1234 719 1303 suis
737 1257 811 1303 non
832 1244 906 1303 tam
926 1235 1010 1305 artis
1033 1246 1070 1307 et
1092 1233 1164 1308 ele·

89 1339 220 1438 gantiae
235 1363 345 1436 quam
358 1338 552 1434 sapientiae
564 1336 711 1409 laudem
723 1351 935 1410 consecutus
950 1352 1024 1430 est,
1046 1366 1166 1438 quum

89 1447 121 1517 id
138 1447 344 1543 praesertim
367 1444 506 1518 efficere
526 1445 708 1534 studeret,
727 1457 771 1517 ut
791 1445 954 1517 homines
974 1474 995 1518 a
1017 1473 1161 1520 morum

90 1555 257 1650 pravitate
283 1565 320 1625 et
343 1551 488 1626 luxuria
512 1551 732 1643 deduceret,
756 1551 801 1624 ad
826 1552 884 1643 id,
914 1553 1012 1650 quod
1037 1580 1167 1628 verum
1265 1639 1269 1646 Ι

90 1672 296 1758 rectumque
316 1672 424 1751 esset,
441 1656 646 1756 impelleret
666 1670 703 1730 et
721 1657 893 1732 erudiret.
916 1660 990 1730 Etsi
1009 1661 1168 1733 carmina

90 1770 161 1861 ejus
185 1768 407 1865 perierunt,
434 1765 472 1838 id
501 1777 623 1837 tamen
648 1765 860 1838 etiamnunc
890 1766 1052 1839 indicant
1074 1767 1167 1866 frag·

90 1887 202 1946 menta
229 1897 325 1971 quae
357 1872 455 1972 apud
483 1871 716 1944 Athenaeum
744 1884 882 1945 servata
912 1885 1023 1964 sunt,
1051 1873 1168 1947 veluti

89 2001 204 2054 versus
224 1979 296 2072 illi,
319 1979 512 2078 inquibus
534 1977 839 2078 Colophoniorum
861 1980 997 2052 civium
1015 2006 1165 2053 suorum

90 2087 289 2185 superbiam
306 2100 344 2160 et
355 2086 544 2160 libidinem
566 2098 667 2156 notat
682 2113 692 2178 3
709 2083 788 2177 alii,
807 2085 994 2183 inquibus
1012 2083 1169 2160 ludicras
1272 2148 1286 2156 n

91 2195 378 2285 exercitationes,
402 2193 441 2264 in
469 2217 558 2290 quas
580 2192 687 2264 nimis
711 2193 823 2266 studii
848 2193 1012 2266 conferre
1037 2191 1169 2267 Graeci

91 2299 267 2394 solebant,
291 2313 466 2399 tanquam
486 2297 635 2372 inutiles
653 2299 911 2396 reprehendit,
930 2300 1008 2391 alii,
1025 2300 1065 2370 in
1087 2303 1169 2399 qui·

92 2403 153 2478 bus
190 2408 468 2503 temperantiam
503 2416 540 2478 et
570 2407 743 2503 pietatem
773 2407 882 2479 etiam
911 2431 1022 2504 super
1051 2407 1170 2505 epulis

65 2513 311 2586 'commendat
331 2523 365 2583 ²⁹.
392 2511 588 2609 Praecipue
619 2524 743 2585 autem
779 2511 944 2610 vulgares
978 2512 1170 2585 bominum
1263 2596 1268 2604 ¹

90 2619 353 2715 superstitiones
383 2627 420 2689 et
447 2619 586 2715 ineptas
604 2617 650 2690 de
681 2617 757 2688 Diis
792 2620 977 2714 opiniones
1009 2619 1169 2692 refutare

88 2723 214 2798 solebat
241 2751 249 2796 ε
275 2749 432 2822 quarum
455 2749 541 2796 cum
562 2724 748 2822 praecipui
771 2736 933 2796 auctores
956 2735 1074 2796 essent
1096 2726 1163 2795 llo
1222 2716 1229 2726 ’

90 2854 204 2905 merus
230 2844 266 2904 et
294 2831 492 2921 Hesiodus,
518 2855 723 2928 eorumque
750 2831 907 2902 carmina
939 2832 978 2901 in
1010 2829 1169 2904 Graeco-

92 2962 169 3009 rum
190 2936 403 3037 religionem
420 2962 643 3035 omnemque,
657 2939 753 3009 vitae
771 2934 994 3034 disciplinam
1014 2938 1170 3010 maxima

92 3061 201 3120 essent
229 3047 462 3138 auctoritate,
488 3046 551 3117 hos
574 3047 746 3118 acerrime
771 3047 980 3144 perstrinxit
1002 3059 1040 3119 et
1062 3074 1172 3120 accir-

92 3155 199 3247 savit,
226 3145 323 3252 quod
347 3152 557 3252 religionem
581 3147 728 3226 omnem
752 3163 789 3224 et
812 3152 1034 3226 honestatem
1062 3153 1171 3228 tolle·
1257 3231 1261 3236 ,

91 3274 169 3332 rent
194 3260 230 3332 ³⁰.
261 3263 333 3334 Nec
356 3262 491 3358 mirum
528 3288 536 3332 :
564 3286 659 3358 quac
700 3261 799 3333 enim
824 3259 878 3331 illi
904 3263 1087 3359 quondam
1123 3264 1172 3336 de

91 3364 162 3439 Diis
187 3369 306 3466 deque
328 3380 598 3464 rerumnatura
624 3369 761 3466 poetice
782 3368 966 3462 finxissent
989 3370 1173 3442 etaetatis

93 3497 174 3545 suae
203 3476 349 3574 ingenio
381 3474 668 3567 accommodate,
698 3501 739 3546 ea
772 3474 895 3546 seriori
924 3487 1062 3567 aetate,
1091 3499 1172 3574 pro·

93 3728 290 3808 Pythagoreis
304 3729 429 3810 sactum
448 3751 517 3788 esse.
542 3729 572 3790 si
593 3727 647 3789 hoo
666 3726 755 3788 voluit
776 3700 932 3808 Diogenes,
961 3727 1073 3807 scripsit
1098 3739 1174 3786 certe

22 3835 23 3846 ¹
94 3816 245 3878 obscurius.
267 3819 343 3879 Num
361 3814 479 3881 fortasse
499 3819 648 3900 legendum
670 3816 849 3899 τετρέφθκι,
870 3815 1041 3898 Xenophani
1059 3820 1175 3878 victum

95 3904 127 3966 ab
145 3907 199 3968 illis
220 3911 444 3988 suppeditatum
469 3911 555 3970 esse?

131 4020 196 4104 (29)
216 4021 285 4083 Vid.
306 4023 461 4104 fragmenta
481 4024 642 4105 Elegiarum
653 4068 661 4098 ,
683 4022 780 4098 xlx,
800 4021 883 4096 XX,
904 4019 991 4080 XXI.

133 4113 198 4194 (30)
218 4113 336 4194 Diogen.
358 4118 391 4175 L.
415 4115 479 4192 IX,
507 4115 561 4194 18,
580 4129 609 4176 et
630 4116 827 4194 fragmentum
836 4111 923 4195 ipsius
943 4113 1009 4173 Vll.
