2842 4884
265 423 298 466 Vl

265 589 386 638 rerum
408 575 537 635 natura
562 574 599 635 ct
623 565 806 656 majestate
831 561 951 636 divina
974 563 1106 634 inertes
1131 571 1267 637 mentes
1287 566 1331 638 ad

262 693 441 793 religionis
460 717 604 764 sensum
628 693 831 765 excitarunt
851 718 858 764 :
878 693 926 764 sic
950 703 987 764 et
1009 690 1163 764 melioris
1177 694 1276 767 vitae
1295 707 1332 768 et

263 829 376 905 divini
407 824 528 902 cultus
557 827 658 898 initia
688 854 708 898 a
742 827 837 925 poesi
864 827 1056 924 repetenda
1086 840 1182 899 sunt.
1211 828 1333 902 nudes

263 939 366 1033 erant
396 961 595 1064 primorum
623 959 812 1031 hominum
836 958 881 1031 de
906 971 1033 1030 natura
1061 959 1243 1048 notiones,
1270 959 1333 1032 sed
1417 974 1418 987 ¹

263 1087 420 1161 naturali
432 1078 682 1187 simplicitate,
703 1087 806 1161 nullo
823 1086 969 1160 artificio
987 1089 1138 1161 fucatae.
1151 1089 1231 1161 llox
1249 1115 1333 1164 vero

263 1247 320 1294 eas
344 1214 502 1320 fingendi
519 1234 596 1294 arte
618 1246 745 1294 ornare
764 1233 961 1318 coeperunt
978 1225 1128 1318 poetae,
1149 1221 1334 1319 inquibus

262 1353 438 1450 principes
459 1351 632 1426 Hesiodus
650 1365 687 1424 et
702 1353 895 1443 Homerus,
912 1353 977 1450 qui
1001 1351 1254 1450 pulcerrimam
1273 1379 1332 1427 ex-

262 1483 457 1580 primentes
479 1493 630 1560 naturae
654 1483 809 1579 speciem
834 1483 925 1555 Deos
947 1481 1164 1556 effinxerunt
1187 1482 1231 1558 ad
1253 1482 1332 1557 hu-

261 1639 405 1686 manam
415 1613 697 1692 similitudinem.
717 1615 764 1689 Hi
782 1612 982 1689 carminum
993 1639 1140 1688 suorum
1159 1616 1332 1692 suavitate

260 1756 298 1818 et
329 1743 507 1842 elegantia
533 1745 580 1819 ita
616 1757 817 1821 tenuerunt
844 1721 1066 1819 Graecorum
1097 1747 1259 1839 animos,
1289 1757 1334 1819 ut

260 1899 387 1952 eorum
412 1873 564 1954 fabulae*
587 1877 750 1952 omnium
779 1877 1006 1952 consensione
1037 1875 1203 1974 probatae
1232 1877 1333 1973 quasi

226 2055 231 2066 .
259 2002 438 2100 religionis
459 2005 668 2077 auctoritate
685 2016 997 2096 consecrarentur,
1014 2002 1153 2102 ipsique
1174 2003 1331 2084 Graecae

259 2131 495 2230 mythologiae
530 2144 690 2206 auctores
725 2133 834 2233 vulgo
863 2133 1088 2207 haberentur
1125 2121 1163 2204 *s
1193 2109 1339 2207 Horum⁸

260 2261 469 2361 exemplum
482 2276 672 2362 sequentes
683 2270 809 2363 poetae
825 2265 938 2338 secuti
949 2262 1086 2336 fabulas
1102 2289 1166 2336 suo
1178 2264 1334 2363 quisque

258 2396 363 2467 modo
392 2410 567 2468 ornarunt
591 2410 629 2469 et
652 2410 865 2484 auxerunt,
893 2399 1070 2497 variisque
1097 2398 1187 2471 Deos
1214 2398 1333 2470 infor·
1395 2403 1397 2406 ’

257 2542 405 2602 morunt
426 2530 665 2628 imaginibus3
689 2532 738 2606 sic
762 2543 898 2609 veteres
922 2533 1080 2604 fictiones
1107 2532 1208 2608 novis
1232 2531 1334 2605 dein·

258 2686 340 2760 ceps
353 2663 494 2762 augeri,
518 2663 663 2756 variari,
677 2673 715 2735 et
727 2661 910 2739 immutari
933 2675 1140 2762 coeperunt,
1155 2663 1335 2759 Temporis

197 2847 199 2852 -
257 2817 340 2869 vero
362 2818 567 2892 progressu,
593 2819 666 2892 quo
679 2794 787 2893 magis
812 2794 883 2868 vita
905 2793 1064 2868 moribus
1086 2793 1230 2864 formari
1246 2793 1332 2864 arti-

256 2923 397 3020 busque
424 2923 537 2998 excoli
559 2937 682 3022 coepta
706 2936 782 3014 est,
809 2951 851 2996 eo
876 2925 985 3022 magis
1009 2925 1117 2996 etiam
1143 2923 1331 2996 hominum

256 3050 372 3122 studia
389 3064 426 3127 et
443 3054 603 3125 notiones
620 3079 657 3125 se
676 3053 931 3151 explicuerunt
953 3080 961 3130 ς
987 3065 1125 3129 veteres
1148 3054 1331 3152 opiniones

192 3243 198 3250 .
256 3179 444 3279 paullatim
469 3207 674 3270 senescere,
692 3153 812 3259 'novae
836 3185 1023 3277 exsistere,
1043 3208 1135 3281 quae
1151 3198 1225 3257 tam
1248 3190 1329 3282 poe-

256 3323 376 3384 tarum
400 3311 616 3384 carminibus
641 3299 752 3409 quam
774 3314 814 3386 in
834 3314 1009 3417 mysteriis
1031 3311 1229 3387 celebratae
1255 3312 1330 3387 cul-

257 3444 353 3516 tioris
381 3444 561 3518 doctrinae
593 3443 729 3519 semina
760 3444 1004 3543 disperserunt
1033 3459 1070 3518 et
1097 3444 1332 3523 maturiorem

256 3574 432 3676 cogitandi
462 3576 712 3675 sentiendique
742 3576 918 3648 rationem
947 3586 1215 3674 praepararunt.
1242 3576 1331 3646 Tan·
1417 3562 1418 3585 l

253 3708 336 3782 dem
348 3709 561 3783 coeuntibus
573 3721 778 3809 temporum
790 3709 989 3802 momentis,
1002 3708 1154 3806 septimo
1165 3709 1241 3782 fere
1249 3718 1332 3787 ante

147 3895 149 3902 ,
253 3840 434 3916 Christum
458 3841 601 3936 seculo,
627 3843 753 3942 ingens
795 3844 885 3916 lacta
912 3855 965 3915 est
988 3866 1111 3916 rerum
1128 3841 1330 3928 conversio,

294 4093 334 4174 (e)
358 4095 493 4160 Herodes.
515 4101 628 4180 11,53.
