<?xml version="1.0" encoding="UTF-8"?>
<!DOCTYPE html PUBLIC "-//W3C//DTD XHTML 1.0 Transitional//EN"
    "http://www.w3.org/TR/xhtml1/DTD/xhtml1-transitional.dtd">
<html xmlns="http://www.w3.org/1999/xhtml" xml:lang="en" lang="en">
 <head>
  <title>
</title>
<meta http-equiv="Content-Type" content="text/html;charset=utf-8" />
  <meta name='ocr-system' content='tesseract 3.04.00' />
  <meta name='ocr-capabilities' content='ocr_page ocr_carea ocr_par ocr_line ocrx_word'/>
</head>
<body>
  <div class='ocr_page' id='page_1' title='image "./xenophaniscolop01karsgoog_0099.png"; bbox 0 0 2842 4884; ppageno 0'>
   <div class='ocr_carea' id='block_1_1' title="bbox 545 423 725 480">
    <p class='ocr_par' dir='ltr' id='par_1_1' title="bbox 545 423 725 480">
     <span class='ocr_line' id='line_1_1' title="bbox 545 423 725 480; baseline -0.006 -10"><span class='ocrx_word' id='word_1_1' title='bbox 545 423 725 480; x_wconf 71' lang='lat' dir='ltr'>armonian.</span> 
     </span>
    </p>
   </div>
   <div class='ocr_carea' id='block_1_2' title="bbox 190 569 1002 780">
    <p class='ocr_par' dir='ltr' id='par_1_2' title="bbox 190 569 1002 780">
     <span class='ocr_line' id='line_1_2' title="bbox 195 569 1002 674; baseline 0.001 -28"><span class='ocrx_word' id='word_1_2' title='bbox 195 586 242 646; x_wconf 73' lang='lat' dir='ltr'>vta</span> <span class='ocrx_word' id='word_1_3' title='bbox 265 569 294 645; x_wconf 68' lang='grc' dir='ltr'>δ’</span> <span class='ocrx_word' id='word_1_4' title='bbox 318 579 369 646; x_wconf 78' lang='grc' dir='ltr'>ἐὰν</span> <span class='ocrx_word' id='word_1_5' title='bbox 394 581 435 666; x_wconf 81' lang='grc' dir='ltr'>μὴ</span> <span class='ocrx_word' id='word_1_6' title='bbox 459 573 608 672; x_wconf 72' lang='grc' dir='ltr'><em>προεδρίαν</em></span> <span class='ocrx_word' id='word_1_7' title='bbox 633 580 740 674; x_wconf 78' lang='grc' dir='ltr'><strong><em>φέρωσι</em></strong></span> <span class='ocrx_word' id='word_1_8' title='bbox 763 582 815 646; x_wconf 73' lang='grc' dir='ltr'>καὶ</span> <span class='ocrx_word' id='word_1_9' title='bbox 835 583 872 647; x_wconf 79' lang='grc' dir='ltr'>τὰ</span> <span class='ocrx_word' id='word_1_10' title='bbox 898 602 1002 662; x_wconf 81' lang='grc' dir='ltr'><em>σιτια,</em></span> 
     </span>
     <span class='ocr_line' id='line_1_3' title="bbox 190 683 527 780; baseline 0 -26"><span class='ocrx_word' id='word_1_11' title='bbox 190 683 219 754; x_wconf 78' lang='grc' dir='ltr'>ον’</span> <span class='ocrx_word' id='word_1_12' title='bbox 237 687 412 775; x_wconf 64' lang='grc' dir='ltr'><em>μαχεῖσθαί</em></span> <span class='ocrx_word' id='word_1_13' title='bbox 431 711 527 780; x_wconf 76' lang='grc' dir='ltr'><em>φασιν.</em></span> 
     </span>
    </p>
   </div>
   <div class='ocr_carea' id='block_1_3' title="bbox 72 843 1203 1372">
    <p class='ocr_par' dir='ltr' id='par_1_3' title="bbox 72 843 1203 1372">
     <span class='ocr_line' id='line_1_4' title="bbox 141 843 1172 946; baseline -0.005 -27"><span class='ocrx_word' id='word_1_14' title='bbox 141 870 190 919; x_wconf 86' lang='lat' dir='ltr'>vs.</span> <span class='ocrx_word' id='word_1_15' title='bbox 230 869 281 917; x_wconf 85' lang='lat' dir='ltr'>ro.</span> <span class='ocrx_word' id='word_1_16' title='bbox 311 853 367 914; x_wconf 80' lang='grc' dir='ltr'><em>εἴτε</em></span> <span class='ocrx_word' id='word_1_17' title='bbox 398 849 448 915; x_wconf 75' lang='grc' dir='ltr'>καὶ</span> <span class='ocrx_word' id='word_1_18' title='bbox 475 850 609 916; x_wconf 76' lang='grc' dir='ltr'><em>ἵπποισιν.</em></span> <span class='ocrx_word' id='word_1_19' title='bbox 644 845 776 918; x_wconf 80' lang='lat' dir='ltr'><strong>Mirum</strong></span> <span class='ocrx_word' id='word_1_20' title='bbox 805 856 985 946; x_wconf 90' lang='lat' dir='ltr'>quantum</span> <span class='ocrx_word' id='word_1_21' title='bbox 1013 847 1054 916; x_wconf 89' lang='lat' dir='ltr'>in</span> <span class='ocrx_word' id='word_1_22' title='bbox 1080 843 1172 916; x_wconf 88' lang='lat' dir='ltr'>ordi-</span> 
     </span>
     <span class='ocr_line' id='line_1_5' title="bbox 72 951 1173 1052; baseline 0.003 -31"><span class='ocrx_word' id='word_1_23' title='bbox 72 951 210 1024; x_wconf 85' lang='lat' dir='ltr'>·nando</span> <span class='ocrx_word' id='word_1_24' title='bbox 231 951 299 1025; x_wconf 87' lang='lat' dir='ltr'>hoo</span> <span class='ocrx_word' id='word_1_25' title='bbox 320 976 428 1027; x_wconf 90' lang='lat' dir='ltr'>versu</span> <span class='ocrx_word' id='word_1_26' title='bbox 448 963 486 1023; x_wconf 91' lang='lat' dir='ltr'>et</span> <span class='ocrx_word' id='word_1_27' title='bbox 505 952 801 1050; x_wconf 85' lang='lat' dir='ltr'>interpunctione</span> <span class='ocrx_word' id='word_1_28' title='bbox 817 951 1070 1052; x_wconf 85' lang='lat' dir='ltr'>distinguendo</span> <span class='ocrx_word' id='word_1_29' title='bbox 1088 951 1173 1024; x_wconf 86' lang='lat' dir='ltr'>hae·</span> 
     </span>
     <span class='ocr_line' id='line_1_6' title="bbox 90 1057 1172 1157; baseline 0.001 -29"><span class='ocrx_word' id='word_1_30' title='bbox 90 1058 201 1130; x_wconf 83' lang='lat' dir='ltr'>serint</span> <span class='ocrx_word' id='word_1_31' title='bbox 221 1059 379 1155; x_wconf 84' lang='lat' dir='ltr'>interpp.</span> <span class='ocrx_word' id='word_1_32' title='bbox 406 1057 636 1132; x_wconf 88' lang='lat' dir='ltr'>Gasaubonus</span> <span class='ocrx_word' id='word_1_33' title='bbox 668 1057 757 1133; x_wconf 87' lang='lat' dir='ltr'>haec</span> <span class='ocrx_word' id='word_1_34' title='bbox 785 1059 892 1135; x_wconf 87' lang='lat' dir='ltr'>verba</span> <span class='ocrx_word' id='word_1_35' title='bbox 919 1085 1003 1132; x_wconf 89' lang='lat' dir='ltr'>cum</span> <span class='ocrx_word' id='word_1_36' title='bbox 1028 1081 1172 1157; x_wconf 89' lang='lat' dir='ltr'>praece·</span> 
     </span>
     <span class='ocr_line' id='line_1_7' title="bbox 89 1163 1203 1263; baseline 0 -27"><span class='ocrx_word' id='word_1_37' title='bbox 89 1163 190 1237; x_wconf 82' lang='lat' dir='ltr'>(lenti</span> <span class='ocrx_word' id='word_1_38' title='bbox 213 1175 236 1236; x_wconf 85' lang='grc' dir='ltr'>οἱ</span> <span class='ocrx_word' id='word_1_39' title='bbox 259 1165 448 1260; x_wconf 84' lang='lat' dir='ltr'>conjunxit</span> <span class='ocrx_word' id='word_1_40' title='bbox 474 1192 482 1237; x_wconf 93' lang='lat'>:</span> <span class='ocrx_word' id='word_1_41' title='bbox 504 1167 591 1263; x_wconf 80' lang='grc' dir='ltr'><em>δῶρον</em></span> <span class='ocrx_word' id='word_1_42' title='bbox 607 1168 625 1237; x_wconf 75' lang='grc' dir='ltr'>δ’</span> <span class='ocrx_word' id='word_1_43' title='bbox 640 1175 664 1236; x_wconf 83' lang='grc' dir='ltr'>οἱ</span> <span class='ocrx_word' id='word_1_44' title='bbox 682 1171 827 1261; x_wconf 75' lang='grc' dir='ltr'><em>κειμήλιον</em></span> <span class='ocrx_word' id='word_1_45' title='bbox 846 1175 889 1248; x_wconf 79' lang='grc' dir='ltr'>εἴη</span> <span class='ocrx_word' id='word_1_46' title='bbox 908 1175 965 1236; x_wconf 83' lang='grc' dir='ltr'><em>εἴτε</em></span> <span class='ocrx_word' id='word_1_47' title='bbox 985 1173 1037 1236; x_wconf 84' lang='grc' dir='ltr'>καὶ</span> <span class='ocrx_word' id='word_1_48' title='bbox 1052 1173 1171 1238; x_wconf 70' lang='grc' dir='ltr'><em>ἵπποισι,</em></span> <span class='ocrx_word' id='word_1_49' title='bbox 1201 1184 1203 1187; x_wconf 82' lang='grc'><strong>’</strong></span> 
     </span>
     <span class='ocr_line' id='line_1_8' title="bbox 88 1271 731 1372; baseline 0.006 -31"><span class='ocrx_word' id='word_1_50' title='bbox 88 1271 381 1372; x_wconf 55' lang='lat' dir='ltr'>schweighauser</span> <span class='ocrx_word' id='word_1_51' title='bbox 406 1273 454 1346; x_wconf 92' lang='lat' dir='ltr'>sic</span> <span class='ocrx_word' id='word_1_52' title='bbox 477 1274 731 1371; x_wconf 76' lang='lat' dir='ltr'>interpunxit:</span> 
     </span>
    </p>
   </div>
   <div class='ocr_carea' id='block_1_4' title="bbox 186 1449 1085 1650">
    <p class='ocr_par' dir='ltr' id='par_1_4' title="bbox 186 1449 1085 1650">
     <span class='ocr_line' id='line_1_9' title="bbox 288 1449 1085 1537; baseline 0.001 -25"><span class='ocrx_word' id='word_1_53' title='bbox 288 1452 344 1513; x_wconf 76' lang='grc' dir='ltr'>εἴτε</span> <span class='ocrx_word' id='word_1_54' title='bbox 371 1451 423 1514; x_wconf 80' lang='grc' dir='ltr'>καὶ</span> <span class='ocrx_word' id='word_1_55' title='bbox 449 1451 572 1516; x_wconf 80' lang='grc' dir='ltr'><em>ἵπποισιν</em></span> <span class='ocrx_word' id='word_1_56' title='bbox 596 1457 690 1516; x_wconf 79' lang='grc' dir='ltr'><em>ταῦτά</em></span> <span class='ocrx_word' id='word_1_57' title='bbox 714 1473 748 1514; x_wconf 87' lang='grc' dir='ltr'>κε</span> <span class='ocrx_word' id='word_1_58' title='bbox 774 1456 870 1518; x_wconf 83' lang='grc' dir='ltr'><em>πάντα</em></span> <span class='ocrx_word' id='word_1_59' title='bbox 898 1449 997 1537; x_wconf 81' lang='grc' dir='ltr'><em>λάχοι·</em></span> <span class='ocrx_word' id='word_1_60' title='bbox 1079 1511 1085 1524; x_wconf 82' lang='grc'><em>,</em></span> 
     </span>
     <span class='ocr_line' id='line_1_10' title="bbox 186 1545 673 1650; baseline 0.004 -28"><span class='ocrx_word' id='word_1_61' title='bbox 186 1554 235 1622; x_wconf 76' lang='grc' dir='ltr'>οὖν</span> <span class='ocrx_word' id='word_1_62' title='bbox 264 1557 315 1624; x_wconf 85' lang='grc' dir='ltr'>ἐὼν</span> <span class='ocrx_word' id='word_1_63' title='bbox 338 1552 419 1638; x_wconf 75' lang='grc' dir='ltr'><em>ἄξιος</em></span> <span class='ocrx_word' id='word_1_64' title='bbox 443 1552 540 1650; x_wconf 76' lang='grc' dir='ltr'><em>ὥσπερ</em></span> <span class='ocrx_word' id='word_1_65' title='bbox 564 1545 646 1648; x_wconf 77' lang='grc' dir='ltr'>ἐγώ.Ι</span> <span class='ocrx_word' id='word_1_66' title='bbox 670 1603 673 1609; x_wconf 93' lang='grc'>-</span> 
     </span>
    </p>
   </div>
   <div class='ocr_carea' id='block_1_5' title="bbox 65 1729 1253 4190">
    <p class='ocr_par' dir='ltr' id='par_1_5' title="bbox 84 1729 1253 2905">
     <span class='ocr_line' id='line_1_11' title="bbox 87 1729 1172 1831; baseline 0.005 -27"><span class='ocrx_word' id='word_1_67' title='bbox 87 1731 165 1804; x_wconf 92' lang='lat' dir='ltr'>Hoc</span> <span class='ocrx_word' id='word_1_68' title='bbox 192 1744 315 1806; x_wconf 91' lang='lat' dir='ltr'>autem</span> <span class='ocrx_word' id='word_1_69' title='bbox 342 1732 448 1805; x_wconf 89' lang='lat' dir='ltr'>modo</span> <span class='ocrx_word' id='word_1_70' title='bbox 474 1757 593 1831; x_wconf 92' lang='lat' dir='ltr'>quum</span> <span class='ocrx_word' id='word_1_71' title='bbox 619 1733 731 1804; x_wconf 86' lang='lat' dir='ltr'>oratio</span> <span class='ocrx_word' id='word_1_72' title='bbox 762 1729 965 1826; x_wconf 82' lang='lat' dir='ltr'>claudicet,</span> <span class='ocrx_word' id='word_1_73' title='bbox 992 1735 1031 1806; x_wconf 93' lang='lat' dir='ltr'>in</span> <span class='ocrx_word' id='word_1_74' title='bbox 1056 1734 1172 1809; x_wconf 80' lang='lat' dir='ltr'>inter·</span> 
     </span>
     <span class='ocr_line' id='line_1_12' title="bbox 86 1837 1174 1940; baseline 0.006 -32"><span class='ocrx_word' id='word_1_75' title='bbox 86 1838 265 1934; x_wconf 91' lang='lat' dir='ltr'>pretando</span> <span class='ocrx_word' id='word_1_76' title='bbox 292 1839 336 1912; x_wconf 93' lang='lat' dir='ltr'>ad</span> <span class='ocrx_word' id='word_1_77' title='bbox 358 1837 759 1934; x_wconf 68' lang='lat' dir='ltr'>tamroracrrconfugit3</span> <span class='ocrx_word' id='word_1_78' title='bbox 782 1864 893 1937; x_wconf 91' lang='lat' dir='ltr'>quam</span> <span class='ocrx_word' id='word_1_79' title='bbox 917 1854 961 1913; x_wconf 91' lang='lat' dir='ltr'>ut</span> <span class='ocrx_word' id='word_1_80' title='bbox 987 1841 1174 1940; x_wconf 87' lang='lat' dir='ltr'>suppleret</span> 
     </span>
     <span class='ocr_line' id='line_1_13' title="bbox 86 1940 1173 2046; baseline 0.007 -32"><span class='ocrx_word' id='word_1_81' title='bbox 86 1943 316 2039; x_wconf 84' lang='lat' dir='ltr'>Diodorfius‚</span> <span class='ocrx_word' id='word_1_82' title='bbox 341 1947 495 2018; x_wconf 87' lang='lat' dir='ltr'>correxit</span> <span class='ocrx_word' id='word_1_83' title='bbox 517 1946 593 2018; x_wconf 89' lang='lat' dir='ltr'>ita:</span> <span class='ocrx_word' id='word_1_84' title='bbox 618 1950 648 2016; x_wconf 81' lang='grc' dir='ltr'>ου’</span> <span class='ocrx_word' id='word_1_85' title='bbox 674 1940 700 2015; x_wconf 84' lang='grc' dir='ltr'>κ’</span> <span class='ocrx_word' id='word_1_86' title='bbox 721 1945 761 2016; x_wconf 82' lang='grc' dir='ltr'>ἔοι</span> <span class='ocrx_word' id='word_1_87' title='bbox 784 1946 874 2030; x_wconf 77' lang='grc' dir='ltr'><em>ἄξιος.</em></span> <span class='ocrx_word' id='word_1_88' title='bbox 898 1945 948 2017; x_wconf 88' lang='lat' dir='ltr'>At</span> <span class='ocrx_word' id='word_1_89' title='bbox 966 1972 1051 2019; x_wconf 90' lang='lat' dir='ltr'>vero</span> <span class='ocrx_word' id='word_1_90' title='bbox 1066 1975 1173 2046; x_wconf 90' lang='lat' dir='ltr'>aper-</span> 
     </span>
     <span class='ocr_line' id='line_1_14' title="bbox 86 2053 1173 2156; baseline 0.009 -35"><span class='ocrx_word' id='word_1_91' title='bbox 86 2061 171 2123; x_wconf 91' lang='lat' dir='ltr'>tum</span> <span class='ocrx_word' id='word_1_92' title='bbox 195 2053 366 2147; x_wconf 84' lang='lat' dir='ltr'>videtur,</span> <span class='ocrx_word' id='word_1_93' title='bbox 392 2053 501 2129; x_wconf 87' lang='lat' dir='ltr'>verba</span> <span class='ocrx_word' id='word_1_94' title='bbox 526 2062 583 2124; x_wconf 79' lang='grc' dir='ltr'><em>εἵτε</em></span> <span class='ocrx_word' id='word_1_95' title='bbox 613 2059 664 2124; x_wconf 81' lang='grc' dir='ltr'>καὶ</span> <span class='ocrx_word' id='word_1_96' title='bbox 687 2061 797 2124; x_wconf 80' lang='grc' dir='ltr'><em>ἵπποισι</em></span> <span class='ocrx_word' id='word_1_97' title='bbox 822 2055 1037 2151; x_wconf 87' lang='lat' dir='ltr'>respondere</span> <span class='ocrx_word' id='word_1_98' title='bbox 1065 2083 1173 2156; x_wconf 88' lang='lat' dir='ltr'>supe-</span> 
     </span>
     <span class='ocr_line' id='line_1_15' title="bbox 85 2160 1173 2264; baseline 0.007 -32"><span class='ocrx_word' id='word_1_99' title='bbox 85 2160 242 2234; x_wconf 82' lang='lat' dir='ltr'>rioribus</span> <span class='ocrx_word' id='word_1_100' title='bbox 266 2171 321 2233; x_wconf 81' lang='grc' dir='ltr'><em>εἵτε</em></span> <span class='ocrx_word' id='word_1_101' title='bbox 340 2166 474 2234; x_wconf 80' lang='grc' dir='ltr'><em>παλαίων</em></span> <span class='ocrx_word' id='word_1_102' title='bbox 497 2203 545 2218; x_wconf 89' lang='lat'>--</span> <span class='ocrx_word' id='word_1_103' title='bbox 577 2171 633 2232; x_wconf 78' lang='grc' dir='ltr'><em>εἴτε</em></span> <span class='ocrx_word' id='word_1_104' title='bbox 657 2169 687 2232; x_wconf 84' lang='grc' dir='ltr'>τὸ</span> <span class='ocrx_word' id='word_1_105' title='bbox 711 2164 800 2233; x_wconf 80' lang='grc' dir='ltr'><em>δεινὸν</em></span> <span class='ocrx_word' id='word_1_106' title='bbox 824 2162 937 2234; x_wconf 64' lang='grc' dir='ltr'><em>ἄεθλον</em></span> <span class='ocrx_word' id='word_1_107' title='bbox 949 2218 960 2255; x_wconf 86' lang='grc'>,</span> <span class='ocrx_word' id='word_1_108' title='bbox 984 2177 1093 2264; x_wconf 87' lang='lat' dir='ltr'>atque</span> <span class='ocrx_word' id='word_1_109' title='bbox 1122 2168 1173 2241; x_wconf 83' lang='lat' dir='ltr'>ita</span> 
     </span>
     <span class='ocr_line' id='line_1_16' title="bbox 85 2266 1174 2369; baseline 0.002 -29"><span class='ocrx_word' id='word_1_110' title='bbox 85 2266 300 2365; x_wconf 84' lang='lat' dir='ltr'>explicanda</span> <span class='ocrx_word' id='word_1_111' title='bbox 328 2295 402 2344; x_wconf 82' lang='lat' dir='ltr'>esse</span> <span class='ocrx_word' id='word_1_112' title='bbox 428 2297 436 2341; x_wconf 90' lang='lat'>:</span> <span class='ocrx_word' id='word_1_113' title='bbox 468 2278 524 2340; x_wconf 75' lang='lat' dir='ltr'>cite</span> <span class='ocrx_word' id='word_1_114' title='bbox 551 2276 601 2339; x_wconf 83' lang='grc' dir='ltr'>καὶ</span> <span class='ocrx_word' id='word_1_115' title='bbox 628 2278 736 2341; x_wconf 80' lang='grc' dir='ltr'><em>ἵπποισι</em></span> <span class='ocrx_word' id='word_1_116' title='bbox 764 2280 845 2352; x_wconf 81' lang='grc' dir='ltr'><em>νίκην</em></span> <span class='ocrx_word' id='word_1_117' title='bbox 874 2271 999 2367; x_wconf 73' lang='grc' dir='ltr'><em>ἄροιτο,</em></span> <span class='ocrx_word' id='word_1_118' title='bbox 1024 2283 1116 2343; x_wconf 77' lang='grc' dir='ltr'><em>ταῦτά</em></span> <span class='ocrx_word' id='word_1_119' title='bbox 1140 2301 1174 2369; x_wconf 72' lang='grc' dir='ltr'>γε</span> 
     </span>
     <span class='ocr_line' id='line_1_17' title="bbox 85 2374 1173 2475; baseline 0.009 -33"><span class='ocrx_word' id='word_1_120' title='bbox 85 2374 207 2446; x_wconf 78' lang='grc' dir='ltr'><em>ἅπαντα</em></span> <span class='ocrx_word' id='word_1_121' title='bbox 232 2380 318 2469; x_wconf 76' lang='grc' dir='ltr'><em>λάχοι</em></span> <span class='ocrx_word' id='word_1_122' title='bbox 347 2377 451 2472; x_wconf 78' lang='grc' dir='ltr'><em>δῶρα,</em></span> <span class='ocrx_word' id='word_1_123' title='bbox 477 2400 518 2448; x_wconf 90' lang='lat' dir='ltr'>ea</span> <span class='ocrx_word' id='word_1_124' title='bbox 542 2402 675 2475; x_wconf 89' lang='lat' dir='ltr'>nempe</span> <span class='ocrx_word' id='word_1_125' title='bbox 698 2401 793 2475; x_wconf 89' lang='lat' dir='ltr'>quae</span> <span class='ocrx_word' id='word_1_126' title='bbox 817 2377 923 2450; x_wconf 91' lang='lat' dir='ltr'>modo</span> <span class='ocrx_word' id='word_1_127' title='bbox 954 2402 1173 2452; x_wconf 62' lang='lat' dir='ltr'>memorave⁴</span> 
     </span>
     <span class='ocr_line' id='line_1_18' title="bbox 84 2485 1173 2583; baseline 0.006 -29"><span class='ocrx_word' id='word_1_128' title='bbox 84 2495 167 2577; x_wconf 87' lang='lat' dir='ltr'>rat,</span> <span class='ocrx_word' id='word_1_129' title='bbox 184 2487 358 2583; x_wconf 80' lang='grc' dir='ltr'><em>προεδρίαν,</em></span> <span class='ocrx_word' id='word_1_130' title='bbox 376 2498 465 2558; x_wconf 77' lang='grc' dir='ltr'><em>σιτία.</em></span> <span class='ocrx_word' id='word_1_131' title='bbox 483 2487 579 2559; x_wconf 90' lang='lat' dir='ltr'>Haec</span> <span class='ocrx_word' id='word_1_132' title='bbox 595 2485 845 2582; x_wconf 85' lang='lat' dir='ltr'>interpretatio</span> <span class='ocrx_word' id='word_1_133' title='bbox 863 2486 1011 2583; x_wconf 89' lang='lat' dir='ltr'>probata</span> <span class='ocrx_word' id='word_1_134' title='bbox 1031 2499 1085 2559; x_wconf 90' lang='lat' dir='ltr'>est</span> <span class='ocrx_word' id='word_1_135' title='bbox 1105 2488 1173 2560; x_wconf 90' lang='lat' dir='ltr'>Ba-</span> 
     </span>
     <span class='ocr_line' id='line_1_19' title="bbox 85 2589 1174 2666; baseline 0 -4"><span class='ocrx_word' id='word_1_136' title='bbox 85 2589 170 2662; x_wconf 88' lang='lat' dir='ltr'>chio</span> <span class='ocrx_word' id='word_1_137' title='bbox 187 2593 226 2662; x_wconf 92' lang='lat' dir='ltr'>in</span> <span class='ocrx_word' id='word_1_138' title='bbox 243 2617 393 2664; x_wconf 86' lang='lat' dir='ltr'>censura</span> <span class='ocrx_word' id='word_1_139' title='bbox 414 2592 594 2666; x_wconf 85' lang='lat' dir='ltr'>Athenaei</span> <span class='ocrx_word' id='word_1_140' title='bbox 611 2620 631 2664; x_wconf 91' lang='lat' dir='ltr'>a</span> <span class='ocrx_word' id='word_1_141' title='bbox 647 2593 830 2665; x_wconf 86' lang='lat' dir='ltr'>Ilindorfio</span> <span class='ocrx_word' id='word_1_142' title='bbox 852 2593 952 2665; x_wconf 76' lang='lat' dir='ltr'>editt</span> <span class='ocrx_word' id='word_1_143' title='bbox 965 2591 1046 2664; x_wconf 89' lang='lat' dir='ltr'>Vid.</span> <span class='ocrx_word' id='word_1_144' title='bbox 1072 2591 1174 2664; x_wconf 86' lang='lat' dir='ltr'>Jahr-</span> 
     </span>
     <span class='ocr_line' id='line_1_20' title="bbox 85 2697 1253 2801; baseline 0 -28"><span class='ocrx_word' id='word_1_145' title='bbox 85 2697 228 2773; x_wconf 81' lang='lat' dir='ltr'>biicher</span> <span class='ocrx_word' id='word_1_146' title='bbox 254 2702 315 2773; x_wconf 82' lang='lat' dir='ltr'>fiir</span> <span class='ocrx_word' id='word_1_147' title='bbox 332 2700 524 2801; x_wconf 83' lang='lat' dir='ltr'>Philologie</span> <span class='ocrx_word' id='word_1_148' title='bbox 549 2714 644 2776; x_wconf 88' lang='lat' dir='ltr'>auct.</span> <span class='ocrx_word' id='word_1_149' title='bbox 676 2702 769 2774; x_wconf 85' lang='lat' dir='ltr'>Jahn</span> <span class='ocrx_word' id='word_1_150' title='bbox 796 2701 870 2794; x_wconf 90' lang='lat' dir='ltr'>IX,</span> <span class='ocrx_word' id='word_1_151' title='bbox 895 2701 929 2773; x_wconf 86' lang='lat'>3.</span> <span class='ocrx_word' id='word_1_152' title='bbox 957 2726 994 2798; x_wconf 89' lang='lat' dir='ltr'>p.</span> <span class='ocrx_word' id='word_1_153' title='bbox 1022 2698 1107 2772; x_wconf 83' lang='lat'>315.</span> <span class='ocrx_word' id='word_1_154' title='bbox 1123 2744 1174 2759; x_wconf 90' lang='lat'><em>-</em></span> <span class='ocrx_word' id='word_1_155' title='bbox 1251 2753 1253 2759; x_wconf 85' lang='lat'>.</span> 
     </span>
     <span class='ocr_line' id='line_1_21' title="bbox 88 2799 1129 2905; baseline 0.003 -28"><span class='ocrx_word' id='word_1_156' title='bbox 88 2799 242 2898; x_wconf 81' lang='grc' dir='ltr'><em>χ’ἅιιαντα</em></span> <span class='ocrx_word' id='word_1_157' title='bbox 268 2808 507 2903; x_wconf 77' lang='lat' dir='ltr'>Dindorfius3</span> <span class='ocrx_word' id='word_1_158' title='bbox 530 2811 640 2884; x_wconf 92' lang='lat' dir='ltr'>ceteri</span> <span class='ocrx_word' id='word_1_159' title='bbox 668 2804 695 2905; x_wconf 79' lang='grc' dir='ltr'>γ’</span> <span class='ocrx_word' id='word_1_160' title='bbox 716 2810 859 2899; x_wconf 79' lang='grc' dir='ltr'><em>ἅπαντα,</em></span> <span class='ocrx_word' id='word_1_161' title='bbox 885 2806 944 2884; x_wconf 84' lang='lat' dir='ltr'>vel</span> <span class='ocrx_word' id='word_1_162' title='bbox 966 2837 1001 2878; x_wconf 81' lang='grc' dir='ltr'>ιιι</span> <span class='ocrx_word' id='word_1_163' title='bbox 1021 2820 1129 2881; x_wconf 79' lang='grc' dir='ltr'><em>πάντα.</em></span> 
     </span>
    </p>

    <p class='ocr_par' dir='ltr' id='par_1_6' title="bbox 83 2915 1173 3659">
     <span class='ocr_line' id='line_1_22' title="bbox 142 2915 1173 3015; baseline 0.004 -26"><span class='ocrx_word' id='word_1_164' title='bbox 142 2940 190 2989; x_wconf 84' lang='lat' dir='ltr'>vs.</span> <span class='ocrx_word' id='word_1_165' title='bbox 224 2940 279 2987; x_wconf 85' lang='lat' dir='ltr'>ra.</span> <span class='ocrx_word' id='word_1_166' title='bbox 305 2927 384 3015; x_wconf 75' lang='grc' dir='ltr'><em>σοφίη</em></span> <span class='ocrx_word' id='word_1_167' title='bbox 408 2917 543 2990; x_wconf 87' lang='lat' dir='ltr'>dicitur</span> <span class='ocrx_word' id='word_1_168' title='bbox 557 2921 745 3014; x_wconf 73' lang='lat' dir='ltr'>poetarum</span> <span class='ocrx_word' id='word_1_169' title='bbox 761 2942 816 2988; x_wconf 88' lang='lat' dir='ltr'>ars</span> <span class='ocrx_word' id='word_1_170' title='bbox 835 2929 873 2988; x_wconf 91' lang='lat' dir='ltr'>et</span> <span class='ocrx_word' id='word_1_171' title='bbox 887 2915 1079 3013; x_wconf 86' lang='lat' dir='ltr'>sapientia,</span> <span class='ocrx_word' id='word_1_172' title='bbox 1098 2940 1173 3015; x_wconf 87' lang='lat' dir='ltr'>qua</span> 
     </span>
     <span class='ocr_line' id='line_1_23' title="bbox 87 3018 1171 3122; baseline 0.005 -30"><span class='ocrx_word' id='word_1_173' title='bbox 87 3018 177 3092; x_wconf 91' lang='lat' dir='ltr'>olim</span> <span class='ocrx_word' id='word_1_174' title='bbox 197 3023 311 3094; x_wconf 79' lang='lat' dir='ltr'>omnis</span> <span class='ocrx_word' id='word_1_175' title='bbox 328 3035 403 3096; x_wconf 87' lang='lat' dir='ltr'>tarn</span> <span class='ocrx_word' id='word_1_176' title='bbox 421 3023 642 3122; x_wconf 84' lang='lat' dir='ltr'>privatarum</span> <span class='ocrx_word' id='word_1_177' title='bbox 660 3048 771 3122; x_wconf 87' lang='lat' dir='ltr'>quam</span> <span class='ocrx_word' id='word_1_178' title='bbox 789 3020 1020 3120; x_wconf 86' lang='lat' dir='ltr'>publicarum</span> <span class='ocrx_word' id='word_1_179' title='bbox 1046 3022 1171 3097; x_wconf 84' lang='lat' dir='ltr'>rerum</span> 
     </span>
     <span class='ocr_line' id='line_1_24' title="bbox 86 3128 1173 3228; baseline 0.002 -26"><span class='ocrx_word' id='word_1_180' title='bbox 86 3128 276 3228; x_wconf 84' lang='lat' dir='ltr'>disciplina</span> <span class='ocrx_word' id='word_1_181' title='bbox 299 3132 563 3210; x_wconf 82' lang='lat' dir='ltr'>continebatur.</span> <span class='ocrx_word' id='word_1_182' title='bbox 585 3131 721 3208; x_wconf 89' lang='lat' dir='ltr'>Eadem</span> <span class='ocrx_word' id='word_1_183' title='bbox 743 3156 828 3206; x_wconf 87' lang='lat' dir='ltr'>mox</span> <span class='ocrx_word' id='word_1_184' title='bbox 855 3155 905 3206; x_wconf 88' lang='lat' dir='ltr'>vs.</span> <span class='ocrx_word' id='word_1_185' title='bbox 936 3130 980 3222; x_wconf 69' lang='lat'>14</span> <span class='ocrx_word' id='word_1_186' title='bbox 1000 3131 1173 3213; x_wconf 60' lang='lat' dir='ltr'>dicituro</span> 
     </span>
     <span class='ocr_line' id='line_1_25' title="bbox 83 3237 1173 3338; baseline 0.003 -30"><span class='ocrx_word' id='word_1_187' title='bbox 83 3244 194 3329; x_wconf 63' lang='grc' dir='ltr'><em>ἀγαθὴ</em></span> <span class='ocrx_word' id='word_1_188' title='bbox 212 3249 291 3338; x_wconf 70' lang='grc' dir='ltr'><em>σοφίη</em></span> <span class='ocrx_word' id='word_1_189' title='bbox 312 3239 350 3312; x_wconf 82' lang='lat' dir='ltr'>lr.</span> <span class='ocrx_word' id='word_1_190' title='bbox 384 3266 416 3314; x_wconf 86' lang='lat' dir='ltr'>e.</span> <span class='ocrx_word' id='word_1_191' title='bbox 454 3246 626 3336; x_wconf 77' lang='lat' dir='ltr'>sapientia</span> <span class='ocrx_word' id='word_1_192' title='bbox 664 3247 757 3313; x_wconf 83' lang='lat' dir='ltr'>alma</span> <span class='ocrx_word' id='word_1_193' title='bbox 769 3291 784 3326; x_wconf 92' lang='lat'><em>,</em></span> <span class='ocrx_word' id='word_1_194' title='bbox 820 3244 992 3314; x_wconf 73' lang='lat' dir='ltr'>solatoria</span> <span class='ocrx_word' id='word_1_195' title='bbox 1004 3291 1018 3325; x_wconf 90' lang='lat'><em>,</em></span> <span class='ocrx_word' id='word_1_196' title='bbox 1056 3237 1173 3313; x_wconf 84' lang='lat' dir='ltr'>veluti</span> 
     </span>
     <span class='ocr_line' id='line_1_26' title="bbox 87 3344 1171 3445; baseline 0.006 -35"><span class='ocrx_word' id='word_1_197' title='bbox 87 3350 195 3436; x_wconf 63' lang='grc' dir='ltr'><em>ἀγαθὴ</em></span> <span class='ocrx_word' id='word_1_198' title='bbox 218 3349 310 3432; x_wconf 76' lang='grc' dir='ltr'><em>ἐλπίς,</em></span> <span class='ocrx_word' id='word_1_199' title='bbox 338 3355 443 3442; x_wconf 64' lang='grc' dir='ltr'><em>ἀγαθὴ</em></span> <span class='ocrx_word' id='word_1_200' title='bbox 470 3365 580 3445; x_wconf 78' lang='grc' dir='ltr'><em>ροῒρα,</em></span> <span class='ocrx_word' id='word_1_201' title='bbox 609 3357 645 3418; x_wconf 84' lang='lat' dir='ltr'>el</span> <span class='ocrx_word' id='word_1_202' title='bbox 672 3344 775 3442; x_wconf 31' lang='lat' dir='ltr'>opud,</span> <span class='ocrx_word' id='word_1_203' title='bbox 785 3344 928 3416; x_wconf 74' lang='lat' dir='ltr'>Latinos</span> <span class='ocrx_word' id='word_1_204' title='bbox 953 3346 1061 3418; x_wconf 71' lang='lat' dir='ltr'>bondo</span> <span class='ocrx_word' id='word_1_205' title='bbox 1075 3357 1171 3418; x_wconf 68' lang='lat' dir='ltr'>artes</span> 
     </span>
     <span class='ocr_line' id='line_1_27' title="bbox 87 3447 1169 3547; baseline 0.003 -29"><span class='ocrx_word' id='word_1_206' title='bbox 87 3447 274 3523; x_wconf 89' lang='lat' dir='ltr'>dicuntur.</span> <span class='ocrx_word' id='word_1_207' title='bbox 297 3453 540 3546; x_wconf 87' lang='lat' dir='ltr'>Quamobrem</span> <span class='ocrx_word' id='word_1_208' title='bbox 574 3449 821 3525; x_wconf 83' lang='lat' dir='ltr'>Valckenaerii</span> <span class='ocrx_word' id='word_1_209' title='bbox 849 3452 1072 3544; x_wconf 83' lang='lat' dir='ltr'>conjectura,</span> <span class='ocrx_word' id='word_1_210' title='bbox 1104 3474 1169 3547; x_wconf 89' lang='lat' dir='ltr'>pro</span> 
     </span>
     <span class='ocr_line' id='line_1_28' title="bbox 87 3557 928 3659; baseline 0.002 -35"><span class='ocrx_word' id='word_1_211' title='bbox 87 3564 208 3650; x_wconf 64' lang='grc' dir='ltr'><em>ἀγαθῆς</em></span> <span class='ocrx_word' id='word_1_212' title='bbox 231 3557 302 3658; x_wconf 79' lang='lat' dir='ltr'>leg.</span> <span class='ocrx_word' id='word_1_213' title='bbox 324 3569 456 3655; x_wconf 75' lang='grc' dir='ltr'><em>ἀγανῆς,</em></span> <span class='ocrx_word' id='word_1_214' title='bbox 481 3584 744 3659; x_wconf 87' lang='lat' dir='ltr'>supervacanea</span> <span class='ocrx_word' id='word_1_215' title='bbox 771 3557 928 3632; x_wconf 88' lang='lat' dir='ltr'>videtur.</span> 
     </span>
    </p>

    <p class='ocr_par' dir='ltr' id='par_1_7' title="bbox 65 3658 1218 4190">
     <span class='ocr_line' id='line_1_29' title="bbox 140 3658 1170 3761; baseline -0.007 -24"><span class='ocrx_word' id='word_1_216' title='bbox 140 3688 190 3737; x_wconf 85' lang='lat' dir='ltr'>rs.</span> <span class='ocrx_word' id='word_1_217' title='bbox 228 3665 282 3736; x_wconf 86' lang='lat'>16.</span> <span class='ocrx_word' id='word_1_218' title='bbox 315 3670 408 3736; x_wconf 79' lang='grc' dir='ltr'><em>λαοῖσι</em></span> <span class='ocrx_word' id='word_1_219' title='bbox 438 3677 536 3759; x_wconf 79' lang='grc' dir='ltr'><em>μετείη</em></span> <span class='ocrx_word' id='word_1_220' title='bbox 569 3667 722 3759; x_wconf 86' lang='lat' dir='ltr'>conjecit</span> <span class='ocrx_word' id='word_1_221' title='bbox 755 3665 964 3761; x_wconf 84' lang='lat' dir='ltr'>Stephanus</span> <span class='ocrx_word' id='word_1_222' title='bbox 997 3662 1036 3731; x_wconf 92' lang='lat' dir='ltr'>in</span> <span class='ocrx_word' id='word_1_223' title='bbox 1070 3658 1170 3731; x_wconf 79' lang='lat' dir='ltr'>Poe&#39;si</span> 
     </span>
     <span class='ocr_line' id='line_1_30' title="bbox 65 3765 1170 3872; baseline -0.001 -33"><span class='ocrx_word' id='word_1_224' title='bbox 65 3820 67 3824; x_wconf 90' lang='lat'>-</span> <span class='ocrx_word' id='word_1_225' title='bbox 87 3766 217 3842; x_wconf 89' lang='lat' dir='ltr'>Philos.</span> <span class='ocrx_word' id='word_1_226' title='bbox 232 3796 267 3869; x_wconf 91' lang='lat' dir='ltr'>p.</span> <span class='ocrx_word' id='word_1_227' title='bbox 290 3799 336 3844; x_wconf 86' lang='lat'>22</span> <span class='ocrx_word' id='word_1_228' title='bbox 346 3797 380 3866; x_wconf 78' lang='lat'>13</span> <span class='ocrx_word' id='word_1_229' title='bbox 401 3771 566 3872; x_wconf 84' lang='lat' dir='ltr'>probavit</span> <span class='ocrx_word' id='word_1_230' title='bbox 580 3772 702 3864; x_wconf 84' lang='lat' dir='ltr'>Jacobs</span> <span class='ocrx_word' id='word_1_231' title='bbox 718 3771 742 3841; x_wconf 94' lang='lat' dir='ltr'>l.</span> <span class='ocrx_word' id='word_1_232' title='bbox 758 3769 783 3842; x_wconf 93' lang='lat' dir='ltr'>l.</span> <span class='ocrx_word' id='word_1_233' title='bbox 801 3783 839 3843; x_wconf 91' lang='lat' dir='ltr'>et</span> <span class='ocrx_word' id='word_1_234' title='bbox 857 3768 992 3864; x_wconf 88' lang='lat' dir='ltr'>recepit</span> <span class='ocrx_word' id='word_1_235' title='bbox 1007 3765 1170 3838; x_wconf 87' lang='lat' dir='ltr'>Dindorf.</span> 
     </span>
     <span class='ocr_line' id='line_1_31' title="bbox 86 3871 1168 3978; baseline 0.003 -34"><span class='ocrx_word' id='word_1_236' title='bbox 86 3875 290 3974; x_wconf 84' lang='lat' dir='ltr'>Legebatur</span> <span class='ocrx_word' id='word_1_237' title='bbox 312 3884 420 3952; x_wconf 77' lang='grc' dir='ltr'><em>λαοῖσιν</em></span> <span class='ocrx_word' id='word_1_238' title='bbox 442 3875 482 3948; x_wconf 81' lang='grc' dir='ltr'>ἔτ’</span> <span class='ocrx_word' id='word_1_239' title='bbox 505 3887 568 3968; x_wconf 77' lang='grc' dir='ltr'><em>εἴη,</em></span> <span class='ocrx_word' id='word_1_240' title='bbox 587 3871 800 3978; x_wconf 72' lang='lat' dir='ltr'>permutatis</span> <span class='ocrx_word' id='word_1_241' title='bbox 813 3875 971 3950; x_wconf 90' lang='lat' dir='ltr'>literisN</span> <span class='ocrx_word' id='word_1_242' title='bbox 993 3886 1030 3945; x_wconf 91' lang='lat' dir='ltr'>et</span> <span class='ocrx_word' id='word_1_243' title='bbox 1052 3873 1097 3944; x_wconf 86' lang='grc' dir='ltr'>Μ.</span> <span class='ocrx_word' id='word_1_244' title='bbox 1123 3875 1168 3947; x_wconf 75' lang='lat' dir='ltr'>cl.</span> 
     </span>
     <span class='ocr_line' id='line_1_32' title="bbox 86 3980 1218 4077; baseline 0 -24"><span class='ocrx_word' id='word_1_245' title='bbox 86 3983 231 4058; x_wconf 90' lang='lat' dir='ltr'>Homer.</span> <span class='ocrx_word' id='word_1_246' title='bbox 254 3986 297 4057; x_wconf 90' lang='lat' dir='ltr'>ll.</span> <span class='ocrx_word' id='word_1_247' title='bbox 316 4017 344 4077; x_wconf 80' lang='grc' dir='ltr'>ε,</span> <span class='ocrx_word' id='word_1_248' title='bbox 363 3986 423 4060; x_wconf 86' lang='grc'>85.</span> <span class='ocrx_word' id='word_1_249' title='bbox 441 3986 486 4058; x_wconf 91' lang='lat' dir='ltr'>al.</span> <span class='ocrx_word' id='word_1_250' title='bbox 503 3988 570 4061; x_wconf 92' lang='lat' dir='ltr'>Hic</span> <span class='ocrx_word' id='word_1_251' title='bbox 587 4001 710 4060; x_wconf 87' lang='lat' dir='ltr'>autem</span> <span class='ocrx_word' id='word_1_252' title='bbox 726 3984 880 4058; x_wconf 88' lang='lat' dir='ltr'>notanda</span> <span class='ocrx_word' id='word_1_253' title='bbox 896 3980 1063 4054; x_wconf 90' lang='lat' dir='ltr'>orationis</span> <span class='ocrx_word' id='word_1_254' title='bbox 1081 4006 1169 4055; x_wconf 90' lang='lat' dir='ltr'>con·</span> <span class='ocrx_word' id='word_1_255' title='bbox 1215 4029 1218 4032; x_wconf 88' lang='lat'>-</span> 
     </span>
     <span class='ocr_line' id='line_1_33' title="bbox 87 4089 1167 4190; baseline -0.006 -28"><span class='ocrx_word' id='word_1_256' title='bbox 87 4093 259 4185; x_wconf 81' lang='lat' dir='ltr'>structio,</span> <span class='ocrx_word' id='word_1_257' title='bbox 284 4095 348 4164; x_wconf 76' lang='lat' dir='ltr'>orire</span> <span class='ocrx_word' id='word_1_258' title='bbox 372 4103 397 4164; x_wconf 83' lang='grc' dir='ltr'>εἰ</span> <span class='ocrx_word' id='word_1_259' title='bbox 417 4100 526 4176; x_wconf 78' lang='grc' dir='ltr'>πύκτης</span> <span class='ocrx_word' id='word_1_260' title='bbox 545 4101 658 4190; x_wconf 66' lang='grc' dir='ltr'><em>ἀγαθὸς</em></span> <span class='ocrx_word' id='word_1_261' title='bbox 681 4092 807 4163; x_wconf 77' lang='grc' dir='ltr'><em>-οὕτε</em></span> <span class='ocrx_word' id='word_1_262' title='bbox 833 4100 858 4160; x_wconf 80' lang='grc' dir='ltr'>εἰ</span> <span class='ocrx_word' id='word_1_263' title='bbox 885 4092 1079 4179; x_wconf 65' lang='grc' dir='ltr'><em>πενταθλεῖν,</em></span> <span class='ocrx_word' id='word_1_264' title='bbox 1104 4089 1167 4160; x_wconf 77' lang='lat' dir='ltr'>oica</span> 
     </span>
    </p>
   </div>
   <div class='ocr_carea' id='block_1_6' title="bbox 0 0 1426 4884">
    <p class='ocr_par' dir='ltr' id='par_1_8' title="bbox 0 0 1426 4884">
     <span class='ocr_line' id='line_1_34' title="bbox 0 0 1426 4884; baseline 0 2"><span class='ocrx_word' id='word_1_265' title='bbox 0 0 1426 4884; x_wconf 95' lang='lat' dir='ltr'> </span> 
     </span>
    </p>
   </div>
  </div>
 </body>
</html>
