2842 4884
235 374 298 439 136
655 394 694 433 nu
716 392 907 434 xnnornxurs

233 545 423 641 adjuncta,
455 570 560 617 omne
592 532 807 640 praeterea,
843 540 938 639 quod
969 551 1056 613 esset
1088 540 1301 628 infinitum,

231 651 350 727 Deum
378 651 491 726 voluit
517 674 589 723 esse
602 675 624 719 n
652 676 660 719 :
686 648 848 745 loquitur
871 648 958 719 haec
973 645 1155 739 vetlejus‚
1177 648 1216 715 in
1242 670 1304 715 re-

232 757 387 831 ferendis
400 769 563 830 veterum
580 756 764 827 sententiis
783 779 912 850 parum
924 752 1072 851 diligens
1091 751 1210 849 :quod
1221 752 1305 845 insi·

232 870 344 937 citum
371 864 477 955 dicit,
502 887 608 959 supra
629 865 703 955 jam
728 862 1029 957 improbavimus3
1058 860 1154 958 quod
1179 870 1306 930 autem

232 996 329 1041 omne
341 968 538 1042 discernite
552 982 684 1059 mente,
701 994 810 1065 qnam
823 969 1019 1056 adjunctam
1034 966 1127 1056 facit,
1140 966 1210 1036 ida
1226 966 1303 1034 Xe-

233 1074 399 1171 nophane
417 1075 575 1147 alienum
595 1088 661 1166 est,
677 1077 741 1173 qui
757 1088 922 1145 naturam
934 1073 1082 1169 quidem
1095 1071 1304 1168 intelligen-

232 1194 307 1252 tem
321 1180 434 1255 votuit
447 1208 538 1271 esse,
554 1208 625 1252 non
640 1195 761 1253 autem
780 1181 890 1277 ipsam
904 1204 1016 1277 perse
1030 1178 1303 1275 intelligentiam

233 1312 260 1357 s.
274 1300 431 1360 mentem
447 1286 688 1361 consideravit.
703 1288 747 1357 In
759 1312 832 1384 quo
844 1286 1005 1358 similiter
1018 1286 1175 1383 peccavit
1192 1296 1305 1379 atque

234 1395 273 1465 in
287 1392 437 1467 Thaletis
449 1393 643 1482 sententia,
660 1419 768 1491 quam
781 1396 829 1464 ita
851 1394 982 1465 refert:
1000 1389 1157 1464 «Thales
1176 1414 1307 1485 aquam
1416 1459 1417 1464 ,

158 1542 164 1549 -·
235 1502 324 1573 dixit
343 1526 415 1573 esse
436 1503 582 1572 initium
609 1526 743 1591 rerum,
768 1502 886 1573 Deum
910 1513 1031 1572 autem
1056 1526 1134 1571 eam
1148 1510 1307 1569 mentem

235 1630 328 1704 quae
353 1632 396 1677 ex
422 1632 513 1704 aqua
534 1619 663 1678 cuncta
686 1609 845 1704 fingeret.
871 1606 1140 1702 »Quamquam
1164 1614 1306 1675 certum

157 1730 179 1811 rt
235 1725 287 1785 est
303 1711 485 1785 Thaletem
510 1740 631 1785 rerum
655 1720 796 1785 initium
821 1740 841 1783 a
863 1714 943 1785 Deo
967 1739 1039 1783 non
1049 1711 1245 1782 distinxisse
1271 1719 1305 1778 ⁷⁰.

125 1833 129 1844 “
162 1855 175 1909 ‚g
283 1818 418 1891 Eodem
446 1844 552 1891 sensu
574 1818 801 1915 Xenophanis
825 1818 944 1890 Deum
970 1816 1185 1889 intellexisse
1211 1813 1308 1888 vide-

235 1936 297 1993 tur
322 1918 420 1997 Timo
446 1922 642 2015 Phliasius,
669 1925 863 1997 Ptolemaei
888 1923 1110 2020 Philadelphi
1133 1919 1308 2018 aequalis,

185 2051 186 2055 ’
235 2032 340 2124 cujus
369 2029 475 2103 verba
500 2030 648 2125 supra§
681 2057 701 2129 7
729 2030 940 2120 attulimus,
964 2056 1079 2128 quum
1103 2029 1196 2110 dicat
1226 2054 1234 2097 ι
1270 2036 1309 2103 εἰς
1416 2025 1417 2030 ’

235 2138 265 2203 ἓν
290 2140 376 2207 τοιύιό
404 2162 435 2205 τε
464 2152 521 2207 πᾶν
552 2140 705 2223 austum
737 2163 845 2207 unum
874 2136 1042 2232 intelligit
1068 2148 1217 2205 naturae
1241 2134 1308 2202 ini-

235 2240 329 2311 tium
353 2240 425 2312 sive
449 2245 480 2311 τὸ
505 2260 624 2331 ςειχετει
650 2242 691 2340 in
725 2242 821 2337 quod
850 2249 964 2313 omnia
985 2250 1215 2313 resolvuntur.
1234 2240 1310 2309 Hu-

234 2348 294 2438 jus
319 2370 440 2417 versus
469 2343 617 2416 laudans
642 2347 771 2417 Sextus
798 2348 1028 2443 Emphimrs,
1054 2346 1200 2417 Eleatici
1225 2370 1312 2416 sen-

236 2451 387 2521 tentiam
411 2452 461 2520 ita
489 2452 636 2549 exponit
660 2461 682 2499 ⁷¹
705 2478 712 2523 :
743 2454 908 2546 ἐδινμοὶτιζε
936 2454 967 2524 δὲ
997 2462 1012 2520 ὁ
1043 2454 1201 2548 Ξενοφάνης
1231 2458 1314 2546 παρὰ

154 2557 157 2565 ’
236 2563 288 2635 τὰς
321 2575 376 2626 τῶν·
406 2556 506 2629 ἄλλων
534 2564 699 2654 ἀνθρώπων
729 2562 903 2653 προλήψεις,
935 2560 969 2625 ’ἐν
998 2554 1073 2626 εἶναι
1100 2563 1131 2624 τὸ
1155 2573 1237 2644 πᾶν,
1264 2561 1314 2624 καὶ

236 2668 281 2733 τὸν
307 2666 380 2735 Θεὸν
405 2681 513 2761 συμφυῆ
539 2686 592 2741 τοῖς
616 2682 704 2735 πᾶσι·
733 2661 806 2735 εἶναι
832 2666 863 2736 δὲ
888 2666 1047 2760 σφαιροειδῆ
1067 2671 1118 2732 καὶ
1135 2670 1239 2744 ἀπαθῆ
1264 2669 1313 2733 καὶ

237 2774 435 2862 ἀμετάβλητον
449 2777 498 2839 καὶ
509 2774 630 2864 λογικόν.
645 2769 820 2866 Pleraque
832 2771 918 2841 haec
931 2769 1156 2865 Xenophanis
1171 2780 1313 2839 senten-

237 2878 308 2945 tiae
320 2900 491 2972 congrua,
512 2887 652 2971 praeter
668 2895 801 2965 unum,
819 2880 848 2945 ’ἐν
866 2883 896 2945 τὸ
912 2893 969 2947 πᾶν
982 2881 1034 2945 καὶ
1044 2878 1115 2944 Θεὸν
1128 2892 1235 2971 συμφυῆ
1245 2882 1248 2890 “
1258 2895 1314 2951 τοῖς

157 3044 159 3049 .
182 3019 185 3032 1
239 3000 327 3073 citou
342 2983 438 3078 quod
458 2982 521 3054 ille
534 3008 606 3052 non
620 2984 729 3081 magis
741 2984 867 3055 dixisse
879 3008 989 3079 quam
1000 2984 1145 3053 sensisse
1159 2983 1313 3053 videtur.

151 3080 152 3083 ¹
238 3086 357 3157 Deum
374 3089 470 3157 enirn
482 3090 643 3185 quamvis
662 3090 771 3159 totius
783 3089 910 3159 mundi
928 3088 1128 3185 prinoipem
1148 3100 1185 3160 et
1203 3099 1316 3159 recto-

239 3220 317 3265 rem
340 3194 485 3285 saceret‚
511 3198 706 3292 segregavit
724 3208 844 3267 tamen
864 3196 909 3268 ab
933 3197 1031 3266 omni
1050 3208 1200 3267 naturae
1230 3220 1316 3266 oon-

238 3300 406 3372 cretione.
426 3301 623 3371 Stoicorum
641 3326 725 3373 vero
749 3301 815 3371 hoc
837 3301 907 3371 fuit
929 3301 1118 3397 placitum,
1142 3302 1207 3399 qui
1232 3327 1316 3371 cum

238 3418 355 3479 totum
375 3406 554 3477 mundum
573 3408 771 3480 animatum
789 3408 966 3499 dicerent,
984 3409 1103 3480 Deum
1120 3408 1316 3481 voluerunt

221 3528 311 3588 ‘esse
329 3527 495 3586 naturam
515 3538 593 3585 eam
616 3540 707 3611 quae
727 3540 848 3586 omnes
865 3514 993 3587 mundi
1011 3526 1127 3611 partes
1141 3525 1311 3603 tranaret,

283 3744 344 3829 (70)
365 3740 439 3801 thid.
464 3762 523 3822 cap.
553 3762 597 3800 ro.
622 3742 658 3799 cl.
685 3697 752 3799 hacc
778 3743 959 3802 illustrantem
980 3742 1104 3801 Boeclh.
1125 3740 1243 3803 Studien
1262 3761 1318 3800 von

219 3830 321 3889 ·Daub
344 3854 371 3890 u.
391 3832 518 3890 Creuzer.
542 3831 588 3907 (a.
619 3828 725 3912 1807.)
747 3852 777 3887 n.
798 3851 809 3887 r
825 3876 833 3904 ,
859 3852 890 3910 p.
911 3832 939 3890 3.

281 3956 344 4037 (71)
367 3960 502 4039 Pyrrhon.
525 3961 630 4041 Hypot.
652 3962 683 4032 l,
713 3980 735 4016 s.
760 3958 829 4019 225.
854 3960 891 4019 cf.
919 3958 987 4020 ibid.
1008 3960 1068 4035 Ill,
1093 3982 1117 4019 s.
1141 3959 1224 4021 218:
1245 3977 1318 4025 zm-

241 4044 326 4126 φοίιης
350 4045 385 4106 Ν
408 4048 492 4129 (enh
515 4048 596 4129 εἷπι)
617 4052 730 4132 σφαῖραι
751 4050 863 4116 iaedi.
