2842 4884
199 413 204 423 '
248 409 289 474 ld
690 425 883 467 xnnornnnrs

243 592 356 672 certe,
381 579 481 651 hunc
507 589 544 650 et
568 574 719 648 Eleaten
739 575 847 648 fuisse
869 587 908 648 et
927 574 1156 672 Xenophanis
1178 577 1321 679 vestigia

243 701 408 764 secutum
435 683 642 782 disciplinae
667 683 713 756 ab
735 681 799 755 illo
817 682 1004 755 inchoatae
1030 683 1230 783 principem
1254 711 1322 758 ex-

243 801 379 872 stitisse.
412 795 528 865 Etiam
558 798 757 864 Heraclitus
785 804 823 864 et
849 793 1070 886 Empedocles
1099 793 1195 865 inter
1222 793 1323 866 disci·

244 906 348 1006 pulos
378 904 457 995 ejus
486 928 506 972 a
535 899 722 972 nonnullis
750 911 999 972 memorantur
1016 898 1071 991 ²⁶3
1103 924 1323 999 quamquam

243 1008 464 1112 probabilius
492 1007 580 1078 mihi
601 1007 772 1098 videtur,
799 1007 922 1104 siqua
945 1007 1041 1078 inter
1066 1031 1124 1078 eos
1146 1009 1217 1080 fuit
1241 1036 1324 1082 con-

244 1118 410 1215 junctio,
441 1140 519 1187 eam
549 1115 660 1212 magis
687 1113 733 1185 ad
764 1111 972 1210 disciplinae
1003 1114 1185 1211 quandam
1220 1117 1324 1189 ratio-

243 1228 372 1322 nisque
395 1219 686 1312 similitudinem,
711 1245 822 1317 quam
847 1219 892 1292 ad
915 1221 1009 1295 ritae
1025 1223 1325 1297 consuetudinem

243 1334 437 1433 pertinere.
539 1331 546 1350 '
762 1343 765 1351 ’

292 1438 429 1511 Habuit
450 1448 572 1512 autem
597 1435 741 1534 longam
761 1447 799 1509 et
823 1448 986 1535 vegetam
1011 1448 1252 1533 senectutem,
1283 1455 1327 1514 ut
1402 1366 1405 1521 l

242 1560 342 1648 patet
356 1544 523 1643 exipsius
536 1543 696 1618 versibus
711 1543 844 1642 quibus
855 1545 1051 1642 praedicat,
1065 1571 1102 1619 se
1115 1574 1135 1618 a
1147 1550 1276 1645 quinto
1291 1563 1328 1623 et
1404 1566 1406 1693 q

243 1653 409 1731 vicesimo
431 1652 571 1724 circiter
586 1649 709 1724 aetatis
729 1675 824 1722 anno
845 1675 911 1748 per
928 1663 1064 1748 septem
1090 1665 1127 1724 et
1146 1657 1327 1754 sexaginta
1404 1700 1405 1703 =

243 1763 412 1860 deinceps
433 1785 544 1831 annos
564 1758 714 1857 negotiis
736 1757 936 1856 studiisque
959 1759 1144 1831 intentum
1172 1774 1327 1836 aetatem
1405 1736 1407 1863 l

244 1873 353 1970 egisse
367 1897 377 1942 ι
390 1869 478 1940 haec
496 1891 579 1965 ergo
596 1877 854 1938 commemorat
868 1866 943 1937 duo
966 1878 1004 1937 et
1028 1867 1223 1966 nonaginta
1252 1871 1329 1944 fere

244 2004 356 2050 annos
379 1987 486 2047 natus
512 1985 550 2045 et
572 1973 684 2044 animi
707 1972 937 2070 corporisque
959 1971 1095 2046 viribus
1121 1974 1240 2048 adhuc
1262 2003 1329 2052 va·
1406 1906 1408 2055 l

245 2085 346 2176 lens,
369 2094 414 2155 ut
443 2107 516 2153 non
552 2081 687 2152 mirum
710 2080 781 2170 sit,
809 2103 896 2151 eum
924 2077 968 2150 ad
990 2081 1226 2154 centesimum
1256 2111 1330 2157 an-

246 2219 338 2266 num
374 2190 500 2263 vixisse
525 2199 560 2259 ²⁷.
584 2189 784 2261 Memorant
806 2189 915 2261 etiam
953 2189 1073 2286 ipsum
1104 2192 1176 2263 suis
1213 2197 1330 2266 mani·

247 2301 316 2373 bus
343 2296 432 2370 filios
454 2294 655 2395 sepeliisse3
676 2295 774 2394 quod
802 2295 952 2393 quidam
978 2298 1200 2394 paupertatis
1226 2302 1330 2374 indi-

220 2481 225 2492 ,
246 2409 362 2497 cium,
381 2402 551 2476 nonnulli
566 2403 698 2475 rectius
717 2402 857 2499 pietatis
869 2399 1025 2474 officium
1047 2418 1210 2497 censent,
1230 2409 1330 2506 quod

246 2515 292 2588 ab
316 2512 393 2586 aliis
408 2513 496 2603 item
515 2508 754 2609 philosophis,
778 2509 1005 2610 Pythagoreis
1027 2516 1258 2608 praesertim,
1278 2519 1331 2589 in·

247 2622 350 2695 stitui
386 2618 522 2691 solebat
547 2616 581 2688 ²⁸.
610 2618 707 2688 Haec
726 2615 772 2689 de
789 2616 1018 2713 Xenophanis
1040 2630 1156 2692 aetate
1177 2634 1215 2694 et
1235 2625 1329 2716 vita3

247 2729 415 2824 deinceps
433 2726 479 2798 de
504 2727 584 2819 ejus
609 2722 736 2796 studiis
760 2709 937 2820 quaedam
964 2724 1125 2798 dicenda.

288 2999 353 3078 (26)
372 2998 490 3076 Diogen.
510 2996 542 3054 L.
561 2995 626 3068 IX,
647 2996 676 3056 5.
703 2994 791 3068 VIII,
813 2993 862 3054 56.

288 3108 352 3190 (27)
376 3105 441 3166 vid,
459 3106 560 3182 fragm.
574 3103 687 3162 XXIV.
707 3101 783 3162 unde
803 3114 880 3184 patet
899 3102 1227 3176 Lucianum,laudatum
1246 3131 1332 3192 supra

246 3209 319 3258 nott.
346 3217 356 3255 1
381 3207 408 3254 et
430 3193 465 3267 5,
484 3195 567 3251 etiam
587 3193 616 3250 in
635 3191 689 3250 hoc
708 3192 810 3250 falsum
829 3211 905 3267 esse,
928 3191 1004 3271 quod
1023 3215 1110 3253 unum
1128 3209 1156 3253 et
1177 3205 1332 3280 nonaginta
1409 3266 1410 3269 ,

247 3307 336 3347 annos
365 3304 429 3342 eum
455 3282 560 3341 vixisse
588 3280 694 3340 scribit.
723 3281 893 3340 Censorinus
922 3280 957 3339 de
993 3279 1039 3341 die
1060 3284 1153 3343 Natali
1180 3308 1241 3368 cap.
1271 3289 1356 3348 XV‘

248 3377 317 3437 dicit
339 3398 346 3431 t
375 3371 600 3454 «Xenophanes
622 3370 812 3454 Colophonius
831 3371 919 3452 major
941 3384 1053 3433 eentum
1073 3397 1210 3438 annorum
1230 3380 1297 3439 suit.
1313 3406 1329 3442 n

288 3481 355 3562 (28)
374 3481 511 3558 Diogenes
523 3479 554 3536 [ι.
572 3477 626 3549 ΙΧ,
645 3498 694 3537 20.
708 3476 778 3546 Φην)
790 3475 827 3539 di
840 3480 854 3538 α’
873 3477 1010 3559 Φαληρεδς
1021 3481 1175 3565 Δημέτμος
1185 3486 1211 3544 ir
1222 3495 1262 3564 τῇ
1269 3486 1332 3568 oripi

248 3574 335 3655 γήρας
343 3617 353 3643 ‚
366 3569 412 3632 aui
432 3567 576 3630 Παναίτιος
594 3567 737 3630 turonis
750 3573 773 3631 ir
791 3581 830 3650 aqi
839 3569 898 3651 tropi
912 3570 1047 3641 sebonius
1057 3621 1064 3647 ,
1074 3576 1137 3635 vais
1149 3573 1237 3637 idiotis
1250 3577 1332 3659 xrpri

247 3664 347 3739 &sidat
360 3659 498 3724 asciscitis
512 3656 601 3732 airis,
614 3660 746 3744 assim?
760 3664 806 3723 ui
817 3664 1010 3744 Ἀνιξιγέμν.
1024 3664 1061 3724 de
1071 3670 1238 3745 Anaxagora
1255 3668 1333 3728 idem

248 3758 336 3816 refert
357 3756 405 3824 ll,
433 3756 484 3829 ¹33
507 3750 557 3812 sed
576 3749 707 3834 deinceps
726 3751 806 3813 addit
826 3777 832 3811 ε
855 3753 937 3814 domi
957 3750 994 3814 di
1018 3759 1183 3835 τηρεῖσθαι
1206 3755 1257 3817 iro*
1279 3770 1332 3819 rats

250 3850 445 3928 llo-imapum
463 3842 649 3925 Παρμενίσκου
670 3842 718 3906 eal
738 3841 926 3927 'Opto-isidor,
949 3844 1031 3907 uniri
1050 3863 1117 3923 φησι
1137 3852 1286 3931 Φαβωρῖνος
1305 3853 1331 3911 ἐν

249 3937 530 4016 ἰπομιημονευμᾶτον
550 3933 656 4016 apdrp·
677 3935 772 3996 Iuliis
792 3938 909 3998 verbum
927 3944 1109 4020 πιπρῐσθιι,
1129 3941 1158 3998 h.
1179 3961 1203 4001 e.
1223 3943 1333 4001 vendi·

248 4043 312 4090 tum
339 4051 417 4103 esre,
441 4048 534 4087 errore
555 4026 733 4086 lIbrariorum
756 4047 816 4086 esse
837 4028 979 4091 invectum
999 4051 1082 4090 nemo
1100 4030 1227 4104 dubitat3
1249 4033 1333 4092 multi

249 4121 393 4199 corrigunt
426 4119 616 4201 πεπράχθαι,
644 4129 672 4176 et
695 4117 1052 4200 interpretantur,'idem
1074 4145 1190 4204 quoque
1218 4125 1255 4184 ab
1280 4124 1333 4182 his
