2842 4884
539 398 752 442 nultosornu.

166 844 238 916 Tali
266 846 375 943 igitur
401 856 528 915 natura
554 869 638 915 cum
662 844 707 912 sit
735 843 855 932 Deus,
883 845 1039 918 eundem
1057 871 1184 944 neque

114 950 299 1023 infinitum
324 976 442 1049 neque
467 950 598 1021 finibus
624 950 857 1021 terminatum
884 950 973 1021 dixit
1000 979 1009 1023 ε
1040 978 1059 1022 ((
1088 955 1189 1024 Nam·

113 1081 188 1153 quc
218 1058 421 1143 inlinitum,
444 1059 587 1153 inquit,
610 1055 784 1150 ejusmodi
810 1069 883 1146 est,
913 1059 1009 1154 quod
1032 1085 1099 1133 nec
1120 1060 1188 1131 ini-
1227 1124 1230 1131 .

111 1168 210 1237 tium
236 1192 354 1265 neque
384 1166 544 1238 medium
573 1191 691 1264 neque
721 1178 922 1237 extremum
952 1192 1071 1264 neque
1098 1167 1190 1240 ullos

111 1276 263 1344 omnino
285 1274 392 1347 habet
413 1275 524 1366 fines,
550 1274 587 1344 id
610 1285 732 1350 autem
766 1272 856 1343 nihil
883 1285 933 1345 est
956 1298 963 1341 :
987 1275 1082 1371 quod
1106 1301 1190 1349 vero

110 1379 172 1449 his
196 1379 325 1452 finibus
354 1381 592 1466 terminatur,
621 1379 657 1450 id
679 1405 753 1450 non
776 1405 894 1451 unum
920 1391 995 1469 est,
1021 1380 1082 1451 sed
1109 1381 1190 1479 plu-

111 1484 216 1556 n'bus
239 1500 373 1558 constat
398 1514 405 1557 :
433 1512 515 1584 ergo
539 1511 623 1557 cum
649 1511 745 1556 unus
768 1487 813 1555 sit
835 1486 953 1574 DeuS,
981 1498 1107 1557 neutra
1130 1487 1191 1558 ha-

110 1615 200 1662 rum
223 1592 473 1664 definitionum
500 1595 579 1686 ejus
605 1604 755 1662 naturae
780 1592 993 1689 congruit.·))

167 1698 245 1769 Pari
265 1701 400 1770 ratione
419 1700 536 1772 Deum
559 1725 626 1771 nec
649 1697 857 1770 inmobilem
881 1725 954 1770 esse
979 1722 1099 1796 neque
1118 1724 1192 1770 mo

112 1809 194 1880 veri
217 1808 459 1878 demonstrat:
483 1833 503 1877 <r
529 1805 704 1878 Inmohile
729 1807 826 1878 enim
842 1832 926 1877 cum
942 1805 1117 1900 ejusmodi
1131 1810 1192 1900 sit,

115 1912 216 2008 quod
237 1938 304 1984 nec
331 1914 449 2010 ipsum
476 1913 622 1986 alterius
646 1923 749 1982 motu
775 1910 947 1983 afficiatur
967 1937 1041 1984 nec
1056 1938 1121 1983 suo
1144 1911 1193 1985 al·
1216 1913 1222 1922 ’

115 2033 239 2090 terum
263 2019 388 2090 afficiat
414 2033 533 2111 motu,
556 2021 593 2092 id
619 2019 765 2116 quidem
792 2018 884 2089 nihil
908 2031 989 2092 est:
1011 2020 1107 2116 quod
1130 2046 1193 2092 au-

117 2140 192 2196 tem
217 2138 404 2214 movetur,
431 2127 468 2198 id
497 2125 704 2197 mutationis
729 2126 866 2222 patitur
889 2125 1192 2218 vicissitudinem,

118 2243 227 2328 atque
255 2232 341 2303 adeo
368 2258 441 2303 non
470 2259 588 2312 unum
619 2244 672 2303 est
698 2231 760 2302 sed
792 2229 904 2303 multa
933 2259 950 2302 ε,
975 2257 1057 2328 ergo
1086 2233 1192 2305 etiam

117 2337 247 2410 harum
276 2337 503 2411 affectionum
529 2350 656 2411 neutra
680 2340 718 2410 in
741 2338 859 2412 Deum
884 2343 1094 2413 convenit.»

168 2476 249 2568 Quo
271 2479 402 2550 rectius
422 2478 509 2549 haec
525 2476 754 2574 Xenophanis
777 2479 865 2548 ratio
884 2477 1036 2570 judicari
1061 2490 1098 2548 et
1115 2503 1194 2574 per-

120 2585 206 2681 spici
237 2586 366 2680 possit,
400 2584 646 2656 contendenda
675 2595 730 2654 est
758 2609 841 2653 cum
872 2579 1024 2653 aliorum
1057 2581 1194 2677 placitis

119 2701 307 2780 veterum,
334 2691 397 2787 qui
422 2692 495 2784 jam
520 2690 604 2761 inde
632 2715 650 2758 a
678 2687 855 2785 principio
883 2686 944 2756 has
973 2688 1194 2783 quaestiones
1224 2777 1229 2784 ι

120 2808 340 2884 tractarunt,
371 2808 467 2867 certe
492 2797 698 2891 attigerunt.
724 2794 834 2863 Ionici
870 2794 968 2864 enim
993 2791 1192 2890 philosophi
1218 2822 1223 2829 ·

121 2905 159 2976 in
191 2901 390 2998 quaerenda
414 2926 537 2972 rerum
560 2901 694 2997 origine
727 2899 911 2971 infinitum
938 2897 1103 2995 plerique
1126 2912 1193 2971 sta·

122 3007 272 3080 tuchant
300 3009 543 3105 principium,
574 3007 671 3104 quod
696 3008 815 3076 omnia
841 3009 1040 3076 contineret
1059 3007 1193 3102 ipsum·

123 3139 194 3212 que
220 3114 383 3186 divinum
415 3126 504 3186 esset
532 3140 540 3184 :
567 3113 670 3210 quod·
690 3113 901 3182 nominatim
929 3113 1195 3184 Anaximandro

121 3221 293 3318 placuisse
310 3222 516 3293 testificatur
534 3219 739 3292 Aristoteles
754 3220 855 3315 Phys.
874 3219 938 3309 III,
964 3219 987 3309 4
1014 3246 1022 3289 :
1048 3227 1195 3290 ἀθάνατον

111 3336 179 3423 γὰρ
211 3334 261 3396 καί
293 3333 486 3424 ἀνώλεθραν,
509 3328 619 3424 ,ὥσπερ
651 3357 733 3424 φησιν
762 3337 775 3394 ὁ
804 3321 1058 3421 Ἀναξιμανδρος,
1092 3333 1142 3395 καὶ
1173 3337 1196 3395 οἱ

121 3439 231 3518 alneu
256 3455 310 3506 τῶν
335 3439 513 3534 φυσιολόγων.
532 3438 586 3506 Ex
606 3435 672 3506 hoc
694 3447 814 3505 autem
831 3435 1005 3530 principio
1021 3460 1106 3505 cum
1122 3459 1196 3504 om-

122 3544 181 3614 nia
205 3557 287 3615 nata
304 3533 486 3635 dicerent,
510 3556 648 3614 motum
669 3542 876 3640 quoquetei
895 3541 1102 3612 tribuerunt
1124 3542 1196 3614 sive

123 3651 160 3721 in
187 3651 309 3725 eadem
333 3665 460 3722 natura
483 3651 729 3723 inhaerentem
749 3675 813 3721 seu
836 3673 966 3745 genere
987 3647 1195 3719 distinctum

124 3769 160 3828 et
176 3759 393 3830 extrinsecus
413 3758 445 3827 ei
462 3755 621 3828 allatum.
638 3758 685 3826 Hi
710 3769 830 3826 tamen
849 3752 1062 3851 philosophi,
1080 3778 1197 3851 quum

125 3853 304 3938 dialectica
333 3877 406 3936 arte
436 3890 564 3961 parum
589 3877 804 3952 uterentur,
835 3888 901 3932 nec
935 3861 1118 3931 infinitum
1142 3862 1196 3959 ip·

125 3997 204 4041 sum
229 3971 335 4068 quale
362 3983 473 4060 esset,
502 3996 621 4069 neque
649 3983 768 4041 motus
802 3981 967 4037 naturam
1007 3967 1197 4041 studiosius

126 4077 358 4176 explorarunt
379 4091 416 4151 et
441 4079 691 4155 definiverunt.
716 4075 921 4147 Italicorum
944 4075 1014 4146 fuit
1035 4075 1123 4150 haec
1138 4078 1193 4149 in-
