2842 4884
280 399 324 444 m

280 564 450 626 servetur.
472 551 553 644 Quo
577 549 704 649 placito
723 549 901 649 praecepit
917 551 992 645 jam
1008 560 1043 621 et
1063 547 1198 644 poetioe
1218 547 1348 621 adum·

279 684 395 758 bravit
417 683 512 756 idem
533 684 630 781 quod
654 696 706 756 tot
726 682 854 756 seculis
876 694 995 781 postea
1019 680 1276 755 mathematicis
1293 708 1348 753 ra-

278 815 435 888 tionibus
454 814 734 890 demonstratum
753 827 806 888 est
830 841 850 885 a
875 814 1050 886 Neutono.
1064 809 1139 885 ille
1156 813 1194 884 Si
1218 837 1351 910 parum

261 945 384 1018 docte
406 942 667 1043 diligenterque
691 943 904 1018 sententiam
921 968 1020 1018 suam
1041 943 1217 1040 exposuit,
1233 955 1270 1014 at
1281 943 1350 1016 hoc

279 1078 317 1147 in
341 1101 383 1148 eo
405 1087 458 1149 est
481 1077 588 1148 etiam
614 1075 917 1174 magnificentius,
938 1073 1034 1172 quod
1064 1073 1222 1149 universi
1251 1074 1351 1170 prin-

279 1207 369 1305 cipia
384 1233 456 1278 non
473 1206 517 1279 ad
528 1204 730 1282 naturalem
742 1207 922 1305 quandam
933 1205 1197 1297 necessitatem,
1224 1204 1286 1280 sed
1304 1206 1350 1278 ad

278 1339 352 1412 vim
375 1339 532 1414 divinam
555 1335 690 1430 retulit,
712 1339 920 1436 quaomnia
945 1338 1049 1430 baec,
1069 1361 1162 1436 quae
1185 1360 1293 1433 supra
1312 1349 1351 1411 et

277 1481 424 1568 supter,
451 1454 621 1568 tanqinm
649 1494 725 1542 uno
749 1468 893 1546 vinculo
923 1468 1109 1544 constricta
1138 1464 1263 1562 iisdem
1291 1465 1351 1540 le-

277 1600 379 1699 gibus
402 1600 663 1701 gubernentur.

324 1969 468 2043 Possent
494 1967 609 2043 multo
637 1964 742 2068 plura
775 1967 893 2040 afferri
921 1967 1108 2069 exempla3
1142 1966 1203 2040 sed
1233 1992 1278 2039 ex
1308 1966 1349 2038 iis

278 2123 370 2198 quae
401 2097 507 2170 attuli
534 2100 615 2170 satis
646 2110 769 2195 patere
800 2096 985 2184 arbitror,
1011 2096 1160 2170 minime
1187 2109 1350 2168 contem-

277 2223 394 2302 nenda
406 2227 513 2300 fuisse
537 2239 701 2302 veterum
716 2225 857 2319 studia,
876 2249 1030 2326 eosque,
1057 2225 1140 2299 licet
1165 2225 1205 2296 in
1227 2224 1351 2323 pleris-

277 2382 348 2458 que
372 2357 682 2451 haluoinarentur‚
699 2357 815 2436 multa
839 2371 961 2432 tamen
985 2358 1087 2455 quasi
1110 2354 1351 2456 philosophiae

276 2489 448 2562 instinctu
478 2491 553 2584 jam
585 2490 730 2564 sensisse
770 2514 865 2590 qnae
902 2487 1111 2588 posteriores
1145 2482 1352 2585 diligentius

276 2635 546 2722 perspexerunt.
563 2626 686 2724 Neque
698 2648 783 2700 vero
795 2624 890 2720 ipsae
904 2647 1030 2694 eorum
1046 2617 1205 2709 fabulae,
1218 2619 1352 2692 etiam-

276 2758 306 2830 si
333 2758 490 2834 veritatis
517 2758 587 2832 sint
615 2770 802 2858 expertes,
832 2781 974 2855 prorsus
1000 2752 1221 2854 spernendae
1241 2764 1350 2826 sunt:

275 2892 314 2962 in
339 2889 394 2964 his
418 2892 514 2966 enim
543 2915 627 2966 cum
656 2887 771 2966 multa
799 2899 947 2988 apparet
974 2885 1160 2960 vetustatis
1190 2882 1352 2982 effigies,

276 3030 358 3092 tum
381 3007 483 3090 initia
510 3019 690 3092 cernimus
718 3017 899 3116 aquibus
927 3015 1083 3114 profecta
1114 3025 1166 3086 est
1193 3011 1350 3111 philoso-

276 3147 359 3248 phia
384 3159 421 3220 et
444 3149 610 3222 exerevit.
629 3147 703 3244 Qui
723 3149 820 3225 enim
842 3146 949 3247 primi
971 3157 1138 3216 naturam
1160 3143 1352 3214 intueren-

277 3291 364 3369 tur,
388 3279 489 3382 quasi
508 3277 641 3354 nebula
665 3279 835 3369 obducti,
862 3278 908 3350 de
933 3277 1040 3350 rebus
1064 3274 1272 3348 divinabant
1292 3300 1353 3376 po-

277 3412 349 3487 tius
365 3437 475 3515 quam
489 3425 583 3486 certa
597 3413 733 3488 ratione
745 3410 965 3503 statuebant3
983 3408 1172 3516 paullatim
1188 3407 1352 3497 demum,

276 3545 385 3624 studii
414 3545 615 3622 assiduitate
639 3546 821 3622 eremitati
833 3567 1030 3645 rerumque
1050 3567 1121 3614 usu
1145 3539 1284 3632 edocti,
1312 3562 1353 3610 eo

276 3688 542 3776 pervenerunt,
572 3688 617 3750 ut
636 3677 766 3751 clarius
786 3687 975 3752 cernerent
996 3686 1033 3748 et
1057 3697 1179 3746 rerum
1202 3671 1354 3742 rationes

276 3807 405 3881 melius
425 3807 679 3910 intelligerent.
707 3810 853 3880 Etiamsi
878 3808 988 3905 igitur
1019 3806 1194 3876 fateamur
1218 3814 1354 3878 veteres

275 3939 320 4014 de
345 3938 686 4056 plerisquqtantum
711 3940 931 4030 balbutiisse,
966 3951 1003 4012 at
1026 3939 1105 4038 quis
1130 3950 1252 4010 umen
1283 3933 1355 4006 bal.

275 4071 447 4144 hutientis
470 4070 709 4228 philosoplpae
734 4096 835 4145 voces
859 4082 1066 4144 contemnat
1090 4093 1157 4140 nec
1185 4064 1354 4141 lubenter
