2842 4884
535 429 714 483 nnsronmn.
952 400 956 409 ’
1120 409 1166 476 55

93 588 196 650 crates
222 577 262 651 in
275 576 436 674 Xenoph.
468 577 611 650 Memor.
629 577 687 670 11,
716 602 793 675 cap.
826 603 857 648 1.
884 577 915 674 ᾗ.
942 603 1003 672 νο,
1021 578 1161 676 laudat,

92 684 317 784 Epicharmus
340 711 349 756 ε

179 890 279 902 --
316 889 414 901 -—
446 890 544 901 -
594 864 650 917 τῶν
675 857 770 920 πόνων

114 1017 117 1022 .
178 960 316 1026 πωλοῦσιν
344 969 411 1050 ἡμῖν
435 968 530 1028 πάντα
554 949 709 1051 τάγάθόξ
737 963 810 1028 θεοί.

90 1135 127 1205 In
155 1135 384 1234 Xenophanis
411 1163 519 1212 versu
548 1161 770 1236 quamquam
804 1147 903 1236 χρόνῳ
932 1139 1067 1238 optime
1094 1139 1162 1216 de·

88 1243 178 1326 feudi
206 1257 346 1342 potest,
379 1257 499 1320 tamen
534 1246 563 1317 si
591 1256 669 1340 πόνῳ
697 1244 880 1346 legeretur
891 1275 923 1333 ,¹
940 1272 1063 1322 versus
1086 1273 1161 1321 non

89 1349 170 1423 foret
192 1351 359 1424 deterior.

565 1583 668 1650 XVII.

120 1777 334 1984 psssgheneteus
359 1779 424 1871 H,
453 1805 490 1876 p.
517 1778 576 1870 54.
608 1779 848 1878 ΕεΞινοφοὶνης
876 1791 892 1850 ὁ
925 1785 1098 1880 Κολοφώνιος
1126 1791 1160 1855 ἐν

86 1914 120 1956 πο
144 1959 149 1982 Ι
176 1897 244 1968 ιὀιις·

167 2068 239 2167 Ποὶρ
263 2072 329 2164 πυρὶ
350 2075 410 2163 χρὴ
435 2079 549 2137 τοιαῦτα
574 2069 669 2162 λέγειν
694 2087 833 2162 χειμῶνος
857 2077 887 2141 ἐν
912 2072 974 2168 ὥρῃ

166 2171 200 2244 λέν
224 2177 309 2270 κλίνῃ
331 2173 458 2269 μαλακῇ
480 2183 702 2268 κατακείμενον,
728 2175 853 2268 ἔμπλεον
873 2176 973 2265 ὄντα,

170 2288 289 2350 ’πίνοντα
314 2283 419 2373 γλυκὺν
444 2274 529 2368 οἶνον,
555 2275 742 2378 ὑποτρώγοντ’
768 2284 951 2379 ἐρεβίνθσνς·

172 2395 213 2464 τίς
238 2392 332 2457 πόθεν
357 2382 395 2465 εἷς
420 2388 555 2484 ἀνδρῶν;
580 2397 657 2470 πόσοι
681 2416 721 2458 τοι
747 2388 799 2470 ἔτη
826 2395 895 2477 έςὶ,
922 2397 1048 2487 φέριςε;
1109 2397 1112 2407 ’

88 2491 106 2563 5
172 2498 290 2576 πηλίκος
316 2488 411 2583 ἦσθ’,
435 2487 476 2565 ὅθ’
499 2506 514 2564 ὁ
539 2497 638 2579 Μῆδος
663 2505 807 2611 &picem
832 2539 882 2551 —
972 2481 981 2502 ’

86 2705 305 2809 Quamquam
322 2709 487 2781 carminis
504 2733 617 2808 genus
632 2711 791 2812 παρῳδιοᾳς
805 2709 977 2820 utsupra
999 2711 1157 2810 animad7

86 2816 260 2908 vertimus,
273 2817 446 2914 posterius
458 2814 677 2912 Xenophane
690 2816 798 2888 fuisse
822 2810 975 2908 videtur,
989 2842 1063 2889 non
1076 2817 1157 2892 ideo

85 2920 124 2993 de
143 2923 274 2996 horum
294 2949 467 2999 versuum
489 2924 699 2996 auctoritate
712 2923 955 2996 dubitandum
976 2936 1040 2998 est.
1059 2925 1157 2999 Inest

86 3041 199 3101 autem
224 3032 264 3102 in
294 3029 349 3102 his
379 3031 498 3104 senilis
525 3027 704 3130 quaedam
726 3030 937 3124 jucunditas
948 3082 963 3118 ,
995 3045 1068 3129 'qua
1098 3059 1155 3132 ag·

85 3156 219 3211 noscere
242 3137 385 3213 videare
406 3143 549 3236 poetam
569 3147 684 3213 aetate
705 3139 781 3232 jam
803 3136 1047 3234 grandiorem,
1064 3151 1157 3237 post·

85 3265 184 3338 quam
214 3272 234 3316 a
265 3245 414 3341 negotiis
441 3257 478 3318 et
512 3243 681 3343 periculis
709 3244 755 3317 ad
786 3245 948 3342 quietem
975 3257 1012 3321 et
1042 3249 1158 3322 otium

85 3362 166 3423 esset
187 3377 389 3452 regressus,
411 3379 496 3426 cum
513 3353 712 3450 hospitibus
734 3351 1026 3456 confabulantem
1043 3366 1080 3427 et
1097 3381 1156 3428 su-

86 3459 223 3552 perioris
251 3461 374 3532 aetatis
404 3486 461 3534 res
489 3473 601 3560 gestas
626 3461 798 3535 memorih
823 3459 1043 3534 recolentem
1072 3488 1080 3532 :
1113 3473 1156 3535 ut

86 3741 173 3806 XVII.
196 3749 315 3809 Hiemali
332 3761 457 3830 tempore
476 3751 516 3809 sio
534 3749 610 3828 loqui
630 3749 764 3810 convenit
785 3746 822 3810 sd
839 3749 939 3829 iocum

199 3839 276 3899 molli
295 3839 325 3898 in
342 3839 415 3900 lecto
436 3839 602 3915 cubantem,
621 3851 764 3914 saturum,

200 3927 280 3988 dulce
299 3929 443 3990 bibentem
461 3929 559 3990 vinum
569 3975 578 4005 ,
599 3927 719 3988 subinde
740 3930 833 4005 cicera
850 3923 994 3986 edentem:

200 4019 270 4093 Quis
291 4039 320 4079 es
340 4019 415 4080 unde
434 4019 599 4080 terrarum?
618 4031 686 4098 quot
705 4039 793 4079 annos
805 4016 918 4091 babes,
939 4036 956 4076 o
974 4015 1079 4078 bone?

200 4121 314 4187 quotum
334 4109 435 4192 agebas
454 4131 577 4189 annum,
597 4107 711 4188 quando
728 4106 829 4169 Medos
848 4106 983 4169 invasit?
