2842 4884
231 414 279 484 70
464 449 469 453 =
682 431 878 476 xnaornsrus

230 591 404 683 ἀμφιτιθεῖ,
437 606 502 680 pro
527 579 721 678 appetitam
750 579 817 653 ho¹c
846 579 973 678 probat
999 580 1149 652 omnino
1164 580 1322 656 Baebius

230 691 256 764 l.
283 693 308 765 l.
330 716 480 766 monens
508 689 637 760 formas
665 695 777 776 τιθεῖς,
807 695 915 783 τιθεῖ,
944 695 1044 761 <esav
1075 715 1150 760 non
1181 690 1325 788 ignotas

106 876 109 892 ,
230 798 412 873 veteribus
438 796 546 868 fuisse
571 793 739 891 exemplo
765 793 977 894 Theognidis
1001 821 1051 870 vs.
1075 795 1145 868 282
1168 808 1206 868 et
1227 797 1322 890 286,

229 905 428 1002 esequenti
441 914 562 977 autem
575 902 663 980 ἄλλος
676 901 727 990 a,
741 915 826 974 ante
842 900 910 974 hoc
934 901 1087 974 verbum
1104 901 1211 976 tacite
1228 904 1326 986 ἄλλος

229 1015 283 1102 μὲν
301 1008 548 1107 supplendum
565 1015 650 1081 esse.
672 1007 719 1078 Et
740 1032 825 1080 sane
843 1007 931 1080 haec
953 1009 1182 1104 pronomina,
1208 1021 1223 1078 ὁ
1247 1014 1323 1102 μὲν,

229 1117 318 1197 ἄλλος
344 1121 415 1209 μὲν,
441 1115 627 1188 interdum
656 1115 790 1204 omitti,
803 1125 923 1186 cumb
948 1116 997 1204 at,
1022 1114 1112 1195 ἄλλος
1128 1119 1162 1188 δὲ
1187 1140 1325 1213 sequa-

230 1235 318 1314 tur,
342 1234 470 1302 notum
490 1234 567 1315 est3
590 1232 672 1293 tum
694 1233 819 1293 autem
840 1221 897 1312 fit,
915 1247 1001 1294 cum
1024 1221 1128 1294 nulla
1145 1224 1186 1294 in
1213 1248 1257 1314 eo
1273 1224 1325 1294 sit

231 1329 452 1423 obscuritas,
493 1343 531 1403 et
555 1324 614 1404 vel
636 1329 676 1400 in
704 1329 932 1401 antecedenti
956 1332 1031 1424 jam
1055 1331 1215 1403 oratione
1237 1322 1323 1428 per-

230 1463 314 1508 sona
346 1439 513 1513 universe
550 1447 746 1508 memorata
778 1437 913 1527 fuerit,
946 1435 1004 1511 vel
1031 1436 1070 1507 in
1105 1438 1181 1535 ipso
1207 1439 1324 1513 verbo

230 1570 401 1641 personae
423 1545 631 1642 significatio
652 1543 749 1632 insit.
774 1541 1072 1616 Hocautemloco
1086 1543 1213 1618 durior
1229 1546 1324 1619 mihi

229 1651 375 1725 videtur
402 1651 490 1724 haec
516 1649 665 1750 ellipsis;
680 1651 797 1748 potius
812 1650 933 1740 credo,
958 1661 1036 1751 post
1057 1651 1157 1724 hunc
1172 1677 1325 1727 versum

229 1756 403 1831 distichon
415 1759 584 1832 excidisse
602 1757 645 1829 ad
662 1759 759 1856 quod
775 1757 882 1831 verba
895 1755 956 1829 illa
971 1758 1196 1854 pertinerent
1211 1787 1220 1831 :
1234 1786 1325 1857 quo-

228 1865 322 1937 circa
345 1866 444 1937 omni
477 1865 729 1938 emendatione
743 1864 1177 1962 supersedendumputo.
1197 1865 1244 1936 In
1255 1866 1323 1938 La·

218 1972 304 2044 'tina
318 1983 439 2046 tamen
453 1973 614 2049 versione
626 1972 800 2044 Dindorfii
811 1974 1057 2067 conjecturam
1068 1985 1214 2045 secutus
1224 1998 1322 2046 sum.

279 2137 329 2185 vs.
359 2110 393 2182 5.
416 2112 503 2204 ἄλλῳ
525 2107 551 2180 d‘
571 2109 649 2190 οἶνος.
675 2111 798 2183 Secuti
831 2136 958 2182 sumus
984 2109 1176 2183 lectionem
1209 2136 1325 2210 quam

231 2215 332 2290 editt.
368 2216 451 2290 Ald.
481 2217 630 2290 Casaub.
660 2230 697 2290 et
725 2217 930 2315 Stephanus
958 2216 1158 2314 praebent,
1188 2243 1325 2317 quam-

230 2349 341 2422 quam
354 2335 537 2422 suspectae
551 2324 635 2397 fidei
651 2336 715 2398 est.
730 2323 1066 2422 schweighauserus
1078 2323 1227 2422 quidem
1245 2351 1324 2399 non

229 2430 336 2501 aliam
356 2427 517 2502 lectionis
543 2431 751 2503 varietatem
768 2442 869 2501 notat
899 2431 967 2500 nisi
991 2429 1089 2527 quod
1114 2429 1189 2502 duo
1216 2431 1323 2506 codd.

228 2561 295 2633 pro
327 2537 415 2631 ἄλλῳ
439 2535 636 2634 praebeant
662 2537 777 2628 ἄλλος,
802 2537 900 2634 quod
928 2535 1058 2632 probat
1082 2536 1186 2633 ipse,
1217 2549 1255 2609 et
1280 2539 1324 2611 in

228 2644 291 2716 Ms.
317 2645 412 2742 Epit.
436 2644 589 2716 addatur
615 2650 693 2735 ἐςίν,
714 2644 915 2742 refragante
929 2654 1054 2716 metro.
1077 2642 1128 2713 At
1143 2643 1325 2745 Schweig-

228 2749 426 2824 httuserum
452 2751 491 2821 in
513 2751 568 2826 his
591 2749 832 2849 negligentiae
857 2762 1067 2847 suspectum
1091 2748 1202 2822 habet
1227 2751 1325 2822 Din-

229 2859 324 2950 dorf,
343 2860 382 2930 in
400 2859 511 2958 praef.
532 2858 626 2930 Edit.
642 2882 677 2953 p.
693 2859 756 2929 IV.
778 2871 853 2928 not.
874 2857 972 2955 quod
993 2855 1101 2930 verba
1122 2864 1188 2954 φησὶ
1210 2861 1325 2956 προδῶ·

229 2993 290 3034 σειν
315 2991 389 3036 non
421 2964 569 3036 ecodd.
597 2964 732 3038 sodex
761 2963 845 3035 Ald.
881 2975 1071 3061 propagata
1107 2975 1145 3034 et
1181 2963 1325 3038 Musuri

228 3070 373 3166 ingenio
393 3069 607 3166 interpolata
628 3072 817 3142 existimat.
835 3070 932 3140 Haec
959 3069 1070 3167 igitur
1090 3066 1154 3140 ille
1183 3065 1303 3142 omisit
1310 3127 1323 3164 ‚

229 3189 266 3276 et
294 3177 534 3272 interpunctis
558 3172 710 3253 lacunae
744 3176 838 3246 notis
870 3201 1016 3248 versum
1034 3177 1083 3246 ita
1101 3174 1288 3275 descripsit
1312 3208 1321 3252 ε

330 3375 420 3452 ἄλλος
446 3369 474 3450 d'
495 3371 561 3454 οἶνός
585 3375 608 3422 ²4
634 3375 656 3419 '⁶
682 3381 741 3459 teto
766 3375 871 3467 ἕτοιμος
890 3376 919 3452 ὃς
939 3373 1017 3446 oi'uo

229 3577 275 3647 In
296 3574 352 3648 his
376 3599 462 3648 vero
487 3575 580 3648 inest
599 3574 727 3649 nullus
743 3573 937 3647 verborum
953 3600 1098 3667 sensus,
1112 3573 1216 3648 nulla
1234 3601 1324 3650 cnm

229 3709 281 3782 sq.
309 3709 418 3759 versu
446 3685 632 3758 connexio.
658 3685 834 3780 Quocirca
856 3709 942 3756 cum
965 3684 1140 3756 Dindorfii
1166 3686 1323 3782 suspicio

230 3791 338 3864 etiam
361 3818 432 3863 non
460 3792 541 3863 satis
564 3792 703 3863 firmata
732 3791 924 3883 videatur,
948 3789 1096 3882 malui,
1130 3801 1176 3860 ut
1197 3804 1323 3864 censet

229 3921 376 3995 quoque
400 3898 552 3971 Bachius
572 3895 659 3991 1.1.,
683 3910 844 3974 veterem
873 3897 1064 3970 lectionem
1087 3921 1242 3970 servare.
1270 3941 1322 3955 -

228 4013 345 4084 Dictio
377 4010 443 4094 οἶνος
464 4017 495 4094 ὃς
522 4015 619 4088 ainau
644 4021 712 4113 φησὶ
739 4016 894 4113 προδώσειν
923 4041 997 4087 non
1034 4013 1218 4112 inelegans
1241 4029 1322 4114 est3

231 4119 404 4218 significat
442 4127 562 4194 vinum
600 4127 801 4218 offusum,
835 4124 928 4221 quod
959 4130 1074 4219 ipsam
1107 4121 1252 4214 mandet
1284 4150 1324 4197 ao
