2842 4884
272 354 318 420 84
717 381 908 447 moresne
1406 376 1410 471 p

271 534 431 716 amn
454 541 540 718 ΜΞ.
563 540 610 613 de
638 539 825 616 Heraclide
857 543 1002 615 Pontion
1043 568 1163 641 nuper
1199 545 1338 623 lovanii
1406 636 1409 647 Ι

330 657 381 734 tu,
404 672 481 742 p.1
535 701 542 716 .

741 861 871 923 XXXII.

316 1097 489 1196 Diogenes
512 1095 671 1166 Laertius
692 1095 728 1184 1,
741 1110 824 1168 sect.
849 1123 928 1168 ιιι.
951 1102 1191 1192 Epimenidem
1214 1102 1339 1176 vixisse
1406 1100 1408 1171 ἰ

268 1217 464 1296 memorat,
495 1214 533 1281 ὡς
562 1203 807 1300 Ξενοφάνης
839 1215 854 1273 ὁ
890 1208 1161 1302 Κολοφώνιος
1191 1220 1339 1290 ἀκηκοέναι

269 1319 357 1409 proi,
384 1319 513 1407 τέσσαρα
538 1316 606 1407 πρὸς
631 1329 687 1387 τοῖς
714 1319 887 1387 πεντήκοντα
918 1309 1020 1379 ἕκατον
1045 1311 1124 1407 (ἔτη
1140 1314 1169 1410 ).
1193 1314 1247 1386 De
1273 1315 1338 1388 hu.

260 1419 326 1511 jus
350 1428 464 1489 aetate
491 1426 625 1514 quanta
648 1414 744 1522 inter
767 1426 904 1488 veteres
940 1415 1052 1487 fuerit
1087 1417 1254 1491 dissensio
1278 1447 1338 1492 no·
1408 1472 1409 1517 3

266 1533 347 1595 tum
374 1535 450 1612 est3
479 1549 500 1592 a
526 1518 754 1616 Xenophanis
778 1521 957 1592 notatione
983 1547 1056 1592 non
1080 1522 1240 1595 multum
1267 1526 1338 1598 dis-

266 1641 414 1725 crepant
434 1626 682 1724 Theopompus
704 1637 741 1697 et
756 1624 914 1724 Phlegon
933 1626 1145 1720 Trallianus,
1167 1632 1234 1729 qui
1256 1659 1338 1706 eum

266 1746 416 1806 centum
442 1746 479 1805 et
503 1730 764 1830 quinquaginta
786 1745 922 1829 septem
951 1760 1061 1806 annos
1077 1737 1203 1809 vixisse
1227 1740 1340 1837 scrip-

265 1851 402 1912 serunt.
424 1839 504 1911 Vid.
519 1839 734 1936 Theopompi
757 1839 880 1936 fragm.
901 1837 951 1937 69
973 1841 1029 1913 ed.
1046 1841 1226 1936 Wichers,
1247 1848 1338 1940 ejus·

264 1971 338 2045 que
374 1945 550 2020 animadv.
591 1972 627 2042 p.
666 1944 745 2043 159.
778 1947 832 2017 Er
863 1945 993 2018 horum
1024 1949 1162 2046 scriptis
1197 1951 1338 2024 fortasse

263 2053 498 2153 Xenophanis
519 2053 611 2126 illud
626 2055 903 2126 testimoniuma
920 2054 1077 2154 Diogene
1091 2058 1246 2132 ductum
1266 2073 1336 2150 est,

180 2185 182 2190 ·
264 2160 362 2256 quod
387 2159 510 2233 laudat
531 2158 736 2234 Dodwellus
758 2158 783 2231 l.
802 2159 826 2231 l.
852 2185 888 2258 p.
919 2158 997 2258 159.

703 2422 706 2426 ’
725 2393 872 2504 xxm.

308 2677 415 2776 Apud
430 2674 613 2750 Pollucem
628 2675 702 2769 IX,
726 2674 841 2773 s3‚p.
870 2673 985 2768 1063,
1012 2676 1057 2750 de
1082 2692 1247 2753 monetae
1266 2682 1336 2754 ori-

259 2783 342 2884 gine
371 2786 583 2886 quaeritur,
611 2793 667 2853 εἴτε
693 2786 801 2855 Φείδων
825 2794 840 2852 ὁ
862 2778 989 2880 Ἀργεῖος
1017 2804 1123 2883 πρῶτος
1148 2787 1264 2885 ἔγραψε
1293 2801 1337 2860 νό·
1408 2868 1409 2879 ¹

259 2921 370 2982 μισμα,
393 2899 583 2960 --εἵτε
607 2891 768 2977 Addet,
793 2895 880 2958 καθά
906 2918 973 2985 φησι
998 2891 1258 2989 Ξενοφάνης.
1276 2895 1337 2969 Xe·
1408 2886 1409 2969 l

259 2997 465 3093 nophanem
503 2996 762 3094 Colophonium
795 3007 889 3068 recte
923 2995 982 3068 hic
1009 2996 1257 3098 intelligunt,
1296 3003 1336 3075 si·

258 3103 408 3200 quidem
432 3129 505 3176 non
520 3103 673 3175 dubium
690 3114 763 3193 est,
786 3115 931 3200 propter
955 3103 1136 3204 Lydorum
1160 3134 1247 3181 cum
1270 3109 1338 3180 Co-
1407 3137 1410 3184 4

257 3207 435 3307 lophoniis
461 3210 757 3284 consuetudinem
788 3207 933 3282 illorum
967 3238 1082 3286 mores
1104 3226 1141 3287 et
1173 3216 1336 3288 instituta

258 3314 471 3413 Xenophani
492 3315 591 3388 haud
614 3316 720 3388 fuisse
744 3316 947 3415 incognita3
970 3318 1126 3393 vidimus
1151 3320 1260 3391 etiam
1283 3321 1335 3417 ip-

257 3422 331 3496 sius
369 3447 492 3498 versus
533 3422 573 3492 in
610 3421 744 3520 quihus
774 3421 953 3521 Lydorum
992 3424 1076 3496 facit
1116 3426 1334 3498 mentionem

257 3531 382 3629 fragm.
415 3528 490 3599 XX.
524 3529 578 3601 lle
608 3555 647 3602 re
675 3531 749 3628 ipsa
782 3555 910 3630 magna
944 3532 1014 3603 fuit
1044 3534 1139 3604 inter
1169 3532 1333 3630 antiquos

185 3705 187 3713 ,
257 3637 444 3734 scriptores
470 3639 728 3730 controversia3
759 3662 841 3708 cum
873 3638 1100 3735 Xenophanis
1135 3638 1333 3709 testimonio

256 3744 421 3842 congruit
447 3741 649 3815 Herodotus
670 3744 711 3835 Ι,
737 3743 806 3839 94,
831 3744 896 3842 qui
921 3744 967 3816 de
989 3745 1093 3840 lydia
1115 3738 1202 3816 dicit
1225 3769 1234 3814 τ
1257 3761 1332 3840 πρῶ-
1406 3697 1410 3823 l

254 3871 294 3914 τοι
322 3844 348 3916 δ’
374 3857 540 3948 ἀνθρώπων
566 3867 623 3921 τῶν
647 3863 728 3944 ἡμεῖς
754 3852 836 3944 ἴδμεν
862 3861 989 3945 νόμισμα
1014 3866 1118 3948 χρυσῶ
1143 3856 1193 3920 καὶ
1216 3860 1334 3946 ἀργυροῦ
1406 3873 1409 3904 ¹

131 4021 134 4028 .
254 3956 402 4045 κοψάμενοι
425 3965 597 4055 ἐχρήσαντο.
613 3957 656 4030 cf.
671 3956 822 4029 Larcher
835 3957 879 4029 ad
891 3956 1059 4029 Herodot.
1086 3957 1129 4026 T.
1152 3955 1192 4048 1,
1211 3981 1248 4053 p.
1262 3954 1331 4054 372

254 4079 306 4154 sq·
337 4057 455 4174 Payne
478 4063 613 4164 Knight
639 4063 776 4162 Proleg.
803 4064 847 4139 ad
871 4066 1014 4136 Homer.
1040 4055 1066 4155 S
1088 4059 1146 4133 58.
1405 4128 1411 4231 p

1404 4289 1414 4857 l
