2842 4884
398 385 399 388 Ἴ
460 424 536 468 vira
559 381 599 466 dr
622 423 744 466 sruma.
962 401 966 413 '
1124 405 1166 470 19

81 599 156 646 non
181 586 320 647 certum
345 585 398 646 est
419 599 540 672 neque
564 571 773 670 probabile,
793 573 913 645 omnia
934 573 1165 671 Xenopbanis

81 681 240 753 carmina
263 681 389 753 eodem
412 681 518 754 modo
536 681 643 753 fuisse
660 680 816 752 recitata.
839 679 1046 777 Composuit
1067 682 1166 754 enim

82 790 177 863 varia
201 790 404 861 carminum
426 814 579 888 genera,
605 813 764 886 quorum
787 789 816 860 si
839 789 990 860 formam
1015 802 1165 887 spectes,

82 909 227 993 possunt
244 896 288 968 ad
312 896 399 968 baec'
419 898 485 968 tria
506 897 730 993 potissimum
752 922 883 994 genera
906 897 1049 989 referri,
1071 923 1166 996 quae
1239 986 1243 991 .

82 1003 257 1100 Diogenes
284 1003 446 1075 Laertius
471 1004 545 1095 lx,
581 1003 648 1095 18,
677 1003 875 1102 signifieat:
905 1012 1033 1102 γέγραφε
1056 1007 1090 1076 δὲ
1116 1011 1169 1076 καὶ

81 1119 111 1182 ἐν
141 1111 291 1200 insci,
327 1117 377 1180 καί
404 1115 605 1206 ἐλεγείας
644 1118 694 1180 καὶ
726 1114 908 1204 ἰάμβους
939 1107 1014 1181 καθ’
1041 1111 1170 1185 Ἡσιόδω

83 1223 132 1286 καὶ
147 1216 285 1315 Ὀμήρου.
305 1218 401 1290 Haec
420 1243 549 1316 parum
574 1217 723 1315 quidem
744 1217 910 1290 distincte
928 1230 1169 1312 notatarum,

82 1324 291 1421 praesertim
313 1337 459 1422 propter
480 1323 588 1400 verba
608 1317 681 1394 καθ’
695 1323 822 1394 'Heius
838 1323 1047 1422 καὶὉμήρω,
1075 1345 1170 1422 quae

82 1455 156 1502 non
194 1443 292 1529 patet
324 1444 452 1506 utrum
482 1433 529 1505 ad
559 1433 679 1525 ἰάμβως
709 1443 853 1504 tantum
894 1458 941 1502 an
969 1433 1014 1503 ad
1039 1434 1171 1527 ἐλεγείας

81 1561 248 1634 quoque,
273 1540 358 1610 item
385 1539 429 1610 ad
441 1539 517 1630 ἔπη,
536 1537 743 1636 pertineant
762 1564 771 1608 :
792 1540 821 1608 si
842 1537 887 1608 ad
909 1539 1030 1630 ἰάμβως
1052 1537 1171 1610 solum
1221 1627 1228 1636 ·

83 1643 310 1736 referantur,
339 1644 470 1716 falsum
497 1656 550 1718 est
574 1644 673 1742 quod
697 1645 809 1733 dicit,
846 1667 931 1716 cum
972 1644 1171 1742 fragments

81 1755 190 1826 etiam
214 1779 314 1826 nunc
339 1766 553 1843 serventur,
579 1752 714 1849 quibus
739 1751 777 1822 in
800 1753 922 1824 ambos
943 1750 1022 1824 illos
1047 1758 1168 1850 poetas

82 1858 291 1951 invehitur,
320 1860 429 1956 epicis
453 1861 615 1932 numeris
636 1859 852 1956 composita3
873 1861 903 1929 si
924 1883 1008 1934 vero
1035 1858 1080 1931 ad
1101 1861 1169 1930 tria

83 1964 143 2038 illa
169 1991 300 2065 genera
327 1965 514 2040 referenda
537 1966 633 2056 sint,
658 1964 726 2037 hoe
748 1963 884 2037 scilicet
912 1963 1068 2054 dixerit,
1094 1991 1169 2037 om·
1277 2027 1280 2032 .

83 2073 143 2144 nia
175 2097 269 2169 quae
306 2072 543 2170 Xenophanes
582 2072 735 2146 ediderit
762 2073 920 2144 carmina
956 2071 1003 2143 ad
1042 2072 1171 2144 Home-

84 2203 166 2251 rum
185 2191 222 2251 et
242 2180 438 2252 Hesiodum
454 2181 661 2277 pertinere:
686 2181 785 2277 quod
804 2205 878 2251 non
899 2179 1020 2250 minos
1038 2178 1169 2253 falsum

83 2298 146 2358 est.
180 2284 354 2378 Quamvis
391 2313 476 2363 vero
503 2287 591 2360 haec
616 2312 746 2384 parum
788 2299 954 2360 accurate
978 2286 1073 2358 dicta
1099 2283 1172 2359 sint

83 2403 120 2464 et
143 2419 165 2462 a
195 2392 279 2466 viris
303 2393 415 2466 doctis
441 2395 547 2468 variis
577 2393 690 2465 modis
720 2393 913 2491 explicata,
940 2405 1090 2490 apparet
1119 2405 1172 2464 ta-

83 2523 169 2594 men
188 2499 253 2570 tria
268 2499 355 2574 baec
382 2525 514 2598 genera
540 2500 736 2599 aDiogene
765 2499 975 2599 designari:
1004 2497 1082 2588 ἔπη,
1110 2502 1172 2570 ἕλε·
1286 2521 1289 2535 ’

85 2605 183 2698 yeme,
215 2607 351 2700 ἰάμβους,
385 2607 429 2679 ad
460 2632 553 2705 quae
584 2606 775 2704 pleraque,
809 2632 904 2705 quae
932 2631 952 2676 a
984 2603 1169 2679 veteribus

84 2727 353 2808 memorantur,
380 2727 528 2813 possunt
551 2717 703 2790 referri:
732 2717 778 2788 de
803 2712 953 2814 singulis
981 2736 1095 2809 pauca
1121 2712 1172 2784 di·

84 2821 197 2896 cende
222 2835 317 2898 sum.

587 3039 660 3121 §u

125 3245 240 3325 Ἔπη.
262 3243 313 3314 Ea
336 3241 511 3316 dicuntur
533 3242 691 3315 carmine
717 3239 872 3319 heroicis¹
892 3240 1054 3315 versibus
1082 3265 1174 3314 com-

87 3351 223 3448 posite,
252 3374 369 3448 equo
392 3373 525 3450 genere
553 3350 771 3422 ensuerunt
806 3347 941 3446 quibus
966 3357 1017 3433 τὴν
1049 3353 1173 3420 Κολο-

123 3596 187 3678 (39)
210 3594 355 3656 bicibomii
377 3595 593 3677 interpretatio,
617 3619 632 3652 «
653 3595 766 3676 scripsit
784 3606 876 3654 antem
894 3582 1007 3668 uersus,
1026 3591 1128 3669 elegias
1146 3605 1175 3650 et

88 3685 195 3746 iambos
216 3697 314 3745 contra
333 3683 486 3746 Hesiodum
505 3698 586 3763 atque
597 3685 752 3746 Homerum
773 3709 806 3761 a,
818 3704 917 3766 pamm
934 3683 1051 3762 diligens
1069 3692 1128 3755 est,
1147 3691 1176 3738 ct

87 3777 186 3836 merito
209 3775 366 3856 improbata
390 3798 406 3834 a
430 3776 554 3849 bussio,
583 3777 740 3836 Commeat.
768 3776 860 3847 baert.
886 3773 1031 3834 Fabricius
1056 3771 1175 3852 conjecit

88 3865 204 3926 fortasse
224 3855 374 3946 legendnm
393 3887 452 3926 esse
469 3867 530 3926 ita:
551 3863 679 3949 γέγραφε
698 3864 735 3928 di
751 3901 793 3914 —-
808 3865 855 3927 nai
875 3864 993 3942 ἰέμβους
1017 3860 1082 3924 nai
1104 3863 1176 3922 καθ’
1216 3875 1218 3878 ⁴

88 3955 217 4018 ‘He-iidoc
242 3955 288 4017 zai
312 3954 439 4039 ‘opn'pou
464 3960 502 4016 At
531 3959 692 4040 conjectura
714 3957 768 4018 boc
787 3970 851 4034 cst3
878 3956 951 4014 nibil
970 3953 1097 4036 amplius.
1118 3952 1175 4013 Alii

90 4045 204 4124 idppaos
227 4046 376 4107 delendum
400 4057 560 4129 putarunt,
583 4047 695 4128 dequo
717 4045 968 4110 mcxvidebimus.
991 4044 1038 4106 Gi.
1061 4041 1177 4104 Febrim·

90 4135 162 4200 Bibi.
183 4138 234 4198 Gr.
254 4137 291 4196 T.
310 4138 357 4214 11,
383 4135 501 4219 p..616.

978 4231 1024 4304 ,ἢ
