2842 4884
248 345 312 412 tlt
652 369 689 408 nn
713 367 906 409 resonamus

242 525 302 616 jus
334 521 384 593 rei
420 521 509 592 duae
540 515 740 590 afferendae
776 531 862 590 sunt
895 543 1069 592 caussae:
1100 521 1211 594 altera
1240 535 1317 612 est,

243 627 341 726 quod
364 626 426 699 ille
452 653 524 698 non
546 626 725 696 recondita
748 637 889 696 tantum
914 627 1154 725 disputatione
1177 629 1224 702 de
1247 630 1324 702 Diis
1415 674 1416 693 r

243 734 510 834 philosophatus
535 746 602 826 est,
625 733 686 804 sed
713 735 871 804 oratione
888 759 974 806 usus
997 734 1215 834 plerumque
1226 761 1323 808 com-

242 844 348 914 muni
384 842 572 912 hominum
604 843 724 912 sensui
756 843 1048 934 accommodata,
1081 865 1152 940 qna
1189 868 1324 941 perra-

243 960 338 1046 gatas
363 948 612 1043 imperitorum
642 947 826 1043 opiniones
858 949 1051 1044 corrigeret
1080 961 1118 1020 et
1141 949 1185 1020 ad
1210 948 1322 1020 altio·
1416 1028 1417 1031 Ἴ

244 1080 321 1126 rem
348 1055 594 1153 verioremque
621 1054 796 1153 cogitandi
815 1056 989 1126 rationem
1015 1055 1176 1126 erudiret
1202 1066 1235 1125 ¹⁷.
1257 1056 1323 1128 Al·
1416 1062 1417 1081 ²

244 1172 320 1231 tera
342 1173 463 1233 autem
488 1185 602 1260 eaque
626 1163 818 1258 praecipua
847 1187 951 1232 causa
976 1161 1087 1258 posita
1114 1162 1259 1235 videtur
1278 1164 1323 1233 in

244 1267 318 1362 ipsa
347 1263 475 1339 Graeci
507 1269 678 1340 sermonis
705 1266 856 1357 indole,
889 1268 928 1338 in
961 1293 1034 1364 quo
1064 1266 1210 1339 nullum
1242 1281 1324 1340 erat

245 1373 458 1447 vocabulum
487 1400 559 1471 quo
585 1400 769 1474 summum
793 1373 886 1446 illud
917 1399 1054 1447 numen
1080 1389 1118 1448 et
1140 1375 1324 1449 excellens
1417 1386 1418 1389 ’

244 1483 341 1554 omni
357 1496 514 1554 naturae
540 1484 751 1580 praestantia
773 1483 1040 1580 significaretur.
1062 1483 1131 1555 Ubi
1145 1487 1243 1556 enirn
1261 1486 1322 1555 in·

243 1614 328 1686 gens
354 1585 512 1661 Deorum
540 1614 715 1660 numerus
742 1587 929 1659 hominum
963 1591 1137 1660 sententia
1167 1603 1206 1661 et
1229 1589 1320 1662 reli-

242 1695 346 1792 gione
368 1706 590 1765 consecratus
617 1705 715 1784 erat,
743 1700 811 1762 θεοῦ
834 1717 966 1764 nomen
993 1718 1066 1763 non
1092 1699 1203 1765 unius
1230 1722 1321 1792 pro-
1418 1740 1419 1779 ÷

241 1801 362 1896 prium
393 1800 454 1871 sed
485 1823 677 1870 commune
709 1798 909 1869 multorum
948 1797 1029 1868 fuit.
1061 1798 1162 1890 Quae
1191 1814 1319 1873 autem

242 1902 441 1976 differentia
455 1917 573 1975 notata
585 1917 636 1976 est
649 1905 746 1975 inter
756 1903 1031 1999 appellationem
1042 1910 1111 1974 &en
1123 1911 1158 1976 e't
1171 1907 1318 1999 darm,

241 2009 329 2084 haec
357 2013 476 2106 priscis
503 2011 578 2082 fere
600 2035 673 2080 non
701 2008 882 2081 observata
905 2010 996 2098 fuit,
1026 2012 1089 2107 qui
1114 2016 1318 2108 promiscue

242 2116 296 2186 his
310 2115 513 2186 nominihus
536 2117 594 2185 usi
607 2127 701 2185 sunt.
725 2115 779 2185 Ita
804 2113 1059 2211 Empedocles,
1086 2141 1196 2214 quem
1221 2144 1318 2190 non-

243 2219 339 2292 nulli
370 2220 456 2291 haec
491 2221 634 2289 nomina
664 2218 832 2291 subtilius
861 2222 1058 2293 distinxisse
1085 2236 1243 2320 putant,
1276 2226 1319 2297 in

243 2327 399 2401 carmine
424 2329 492 2406 θεὰς
522 2327 662 2398 eosdem
688 2340 725 2395 et
751 2328 886 2419 δαίμονας
914 2328 1097 2425 appellat3
1124 2330 1317 2425 similiter,

240 2447 284 2506 ut
307 2431 390 2506 alios
416 2436 599 2522 omittam,
629 2431 729 2503 Plato
756 2435 794 2502 in
823 2435 963 2505 Timaeo
988 2434 1032 2525 ¹⁸,
1060 2435 1125 2506 uhi
1152 2463 1319 2512 summus

238 2540 335 2614 Deus
360 2541 523 2613 omnium
552 2565 678 2637 parens
705 2554 740 2612 et
765 2554 889 2612 auctor
904 2547 964 2619 τοὺς
986 2543 1120 2633 deiparae
1150 2545 1198 2614 ita
1220 2544 1318 2617 allo-

280 2875 343 2954 (17)
363 2870 474 2930 Monuit
494 2868 547 2926 hoc
569 2865 699 2926 Brandis.
718 2889 747 2948 p.
769 2869 807 2928 33
828 2888 870 2945 sq.
889 2867 972 2942 Quod
985 2880 1076 2926 autem
1098 2868 1143 2927 hie
1162 2867 1312 2930 discrimen

239 2965 336 3024 statuit
353 2962 427 3019 inter
449 2957 630 3037 Xenophanis
657 2958 792 3016 rationem
815 2956 1052 3037 philosophicam,
1077 2971 1105 3017 et
1124 2958 1241 3020 alteram
1259 2981 1312 3042 po·

238 3053 381 3138 pularem,
403 3046 432 3107 id
457 3069 512 3106 non
532 3047 614 3106 nimis
636 3045 798 3126 urgendum.

281 3169 290 3244 (
297 3163 340 3240 18)
363 3159 428 3220 Vid.
448 3181 511 3240 pag.
530 3157 566 3236 41
582 3204 590 3234 ‚
608 3161 641 3218 A.
664 3159 707 3217 Ne
724 3160 786 3236 quis
807 3180 874 3219 vero
895 3159 962 3218 mihi
988 3159 1116 3241 objiciat,
1133 3173 1243 3220 veteres
1257 3163 1313 3243 jam

239 3259 303 3318 olim
322 3249 420 3326 Senis,
442 3248 577 3327 der‘poiar
593 3261 620 3308 et
637 3243 720 3329 ἥρωάς
734 3249 895 3307 distinxisse
910 3294 918 3323 ,
936 3251 1003 3309 novi
1023 3250 1116 3309 multis
1133 3253 1315 3330 antiquorum

237 3349 307 3409 locis
325 3345 354 3404 id
370 3344 500 3424 probari,
519 3341 604 3401 veluti
624 3339 741 3399 Hesiod.
763 3336 819 3418 ἵργ.
837 3360 879 3398 vs.
909 3361 973 3398 122.
993 3340 1111 3422 Pythag.
1135 3345 1202 3399 Aur.
1225 3361 1313 3402 carm.

236 3441 326 3519 prino.
343 3433 430 3495 Ocell.
453 3432 555 3490 Lucan.
579 3452 603 3489 c.
627 3433 664 3500 3,
687 3451 715 3509 p·
732 3428 811 3510 529,
827 3427 872 3486 ed.
896 3427 984 3487 Galci.
1003 3430 1109 3488 Platon.
1139 3430 1226 3510 Legg.
1251 3433 1312 3506 IV,

236 3529 264 3590 8.
287 3551 315 3609 p.
347 3547 415 3608 717.
436 3520 511 3600 μεταῖ
534 3519 614 3581 &toris
647 3517 683 3580 vll
702 3519 802 3580 rodeli
830 3517 876 3579 nel
899 3522 956 3579 τοῖς
978 3518 1109 3597 derhirst
1130 3516 1180 3592 iy'
1205 3519 1313 3602 ἵμφρυν

236 3618 358 3701 ὅργιέζοι
376 3619 406 3676 τ’
426 3611 475 3688 eli,
496 3610 575 3692 ripert
594 3608 630 3672 dl
648 3609 724 3688 perol
744 3609 863 3671 verirent.
885 3612 989 3692 Cratyl.
1002 3633 1031 3691 p.
1052 3614 1126 3692 397,
1139 3613 1174 3670 D.
1186 3613 1313 3674 Tantum

235 3723 326 3770 autem
338 3708 417 3780 dico,
433 3704 504 3764 hanc
526 3704 668 3762 nominum
680 3701 864 3760 differentiam
884 3721 943 3760 non
962 3699 1032 3759 adeo
1051 3699 1311 3778 delinitamfuisse,

234 3801 301 3878 quin
321 3819 352 3856 ea
374 3796 533 3878 plerumque
557 3804 612 3850 tam
629 3790 704 3869 vulgi
723 3812 804 3868 quam
824 3790 968 3850 doctorum
983 3812 1034 3849 usu
1057 3790 1308 3852 confunderentur.

233 3883 365 3945 Subtilius
378 3906 409 3943 ea
429 3883 618 3943 distinxerunt
628 3878 915 3961 posteriores‚Stoici‚
931 3879 1083 3954 Platonici,
1103 3879 1169 3952 alii,
1189 3901 1311 3957 quorum

233 3983 388 4033 commenta
407 3975 436 4029 in
450 3973 580 4051 antiquos
600 3965 767 4028 conferenda
782 3989 837 4031 non
850 3981 931 4039 sunt,
951 3979 981 4026 ut
998 3967 1065 4025 facit
1077 3967 1217 4027 Plutarch.
1234 3967 1307 4048 plac.

231 4061 330 4145 philos.
353 4061 383 4133 1,
404 4058 433 4119 8.
