2842 4884
180 429 183 440 '
254 427 299 494 72
706 441 900 486 moranus
951 470 955 474 «

254 605 487 717 praeceptum
505 591 551 663 de
565 591 610 662 Is.
637 599 674 663 et
697 589 787 660 Osir.
811 613 845 686 p
871 587 1003 686 378:
988 616 1053 659 οσια
1072 605 1204 685 pponam
1223 587 1345 685 εὕρημα

253 705 362 797 λέγειν.

304 857 353 906 vs.
383 829 438 902 15.
465 835 503 900 τά
528 829 629 898 δίκαια
652 829 803 898 δύνασθαι
823 836 971 923 πρήσσειν.
993 824 1046 896 Ne
1056 847 1168 921 quem
1180 821 1347 896 offendat

254 937 292 1009 h.
307 935 331 1006 l.
348 934 502 1012 verbum
520 935 668 1005 duacen
675 932 917 1023 ‚notandum,
939 928 1091 1005 verbum
1106 929 1173 1002 hoc
1196 941 1233 1002 et
1257 928 1349 1000 lati-

255 1070 348 1117 num
356 1071 455 1139 ροιιο
469 1043 654 1116 interdum
666 1042 738 1116 dici
749 1067 822 1113 non
837 1051 980 1112 tantum
995 1038 1041 1110 de
1054 1036 1211 1109 naturali
1219 1050 1255 1109 et
1267 1062 1349 1136 pro-

256 1153 334 1248 pria
357 1150 511 1247 alicujus
523 1163 712 1247 potestate,
731 1148 792 1222 sed
805 1148 913 1221 etiam
937 1146 983 1218 de
1009 1144 1062 1217 rei
1085 1143 1253 1217 facultate
1279 1157 1349 1217 aut

257 1272 351 1332 sorte
362 1258 562 1358 quaenobis
574 1258 733 1348 aliunde,
745 1256 861 1331 veluti
873 1282 893 1327 a
904 1256 990 1345 Deo,
1002 1253 1160 1351 contigit.
1173 1252 1347 1325 Herodot.

258 1366 346 1458 VII,
378 1365 445 1456 134
460 1393 468 1438 :
481 1385 550 1436 τοῖσι
566 1371 761 1463 Σπαρτιήτῃσι
774 1368 964 1461 καλλιερῆσαι
978 1367 1139 1453 θυομένοισι
1152 1362 1201 1429 ota
1214 1360 1346 1430 ε’δὺνατο.

259 1480 461 1553 Simonides
475 1481 518 1550 fr
537 1478 634 1572 231,
659 1505 708 1555 vs.
738 1477 876 1576 17‚ed.
890 1476 981 1574 lips
1008 1473 1159 1572 part:

357 1643 381 1703 οἶ
404 1628 467 1704 δ’
451 1664 481 1705 εν
504 1636 658 1728 θαλάσσῃ.
685 1675 735 1688 -
760 1674 811 1688 -·
835 1674 884 1686 -

359 1745 554 1828 θνήσκουσιν,
575 1735 632 1811 εὖτ
661 1739 699 1810 dv
722 1750 763 1834 μὴ
786 1741 1004 1820 δινήσωνταιζ
1006 1745 1072 1804 όειν.

260 1875 397 1951 Eodem
420 1902 527 1950 sensu
550 1876 586 1948 h
612 1875 636 1948 l.
657 1878 818 1975 positum
839 1889 903 1949 est.

312 2071 361 2122 vs·
393 2044 448 2118 16.
476 2062 570 2120 ταῦτα
593 2089 642 2103 ·-
657 2060 885 2148 προχειρότερον.
912 2047 1032 2119 Potest
1058 2045 1124 2118 hoc
1150 2070 1218 2143 per
1240 2044 1350 2144 ellip-

262 2152 317 2222 sin
333 2152 526 2251 explicari,
552 2167 596 2228 ut
619 2156 845 2255 intelligatur
872 2169 963 2227 ταῦτα
986 2172 1073 2225 ποιεῖν
1098 2150 1257 2250 (nempe
1273 2159 1350 2223 θεὸν

262 2265 379 2352 ὑμνεῖν,
394 2263 540 2350 σπένδειν,
556 2263 725 2361 εὔχεσθαι)
739 2272 786 2347 έςί
796 2271 1020 2360 προχειρότερον.
1035 2260 1206 2332 Attamen
1218 2257 1352 2332 Graeci

263 2367 404 2463 saepius
430 2381 504 2441 tam
532 2394 733 2467 pronomen
763 2386 887 2469 quam
907 2368 1125 2464 adjectivum
1159 2369 1209 2439 ita
1236 2393 1352 2439 usur-

263 2487 375 2572 pant,
400 2486 444 2546 ut
471 2502 512 2549 ea
536 2477 845 2551 substantivorum
861 2478 972 2549 instar
996 2500 1062 2574 per
1082 2501 1119 2548 se
1134 2475 1246 2572 posita
1264 2474 1351 2546 sint.
1416 2538 1417 2545 ,

265 2581 462 2682 Utn'usque
480 2589 620 2684 generis
643 2585 854 2682 exemplum
880 2610 1058 2682 apponam
1085 2583 1217 2655 :Plato
1242 2582 1350 2681 legg.

264 2691 338 2782 IV,
364 2715 397 2761 2.
424 2718 459 2789 p.
486 2719 557 2792 707
585 2694 618 2765 A
649 2722 657 2766 :
681 2695 723 2766 iu
744 2700 831 2766 κακὸν
856 2703 888 2766 ἐν
905 2697 1049 2786 θαλάσσῃ
1072 2702 1196 2790 τριήρεις
1219 2694 1354 2771 ὁπλίταις

264 2815 448 2895 παρεςῶσοιι.
474 2800 534 2873 hic
558 2807 646 2872 κακόν
672 2827 738 2898 per
761 2827 798 2875 se
821 2801 978 2898 positum
1003 2810 1072 2892 est3
1098 2800 1275 2869 Homerus
1305 2796 1352 2868 Il.

266 2937 295 2985 η.
323 2929 369 3002 97
399 2932 407 2975 :
429 2909 514 2994 λώβη
541 2911 613 2978 τάδε
639 2901 665 3002 γ’
688 2909 817 2980 ἔσσεται.
840 2906 905 2979 ubi
930 2903 1093 2977 similiter
1116 2907 1185 2975 τάδε
1198 2927 1353 2999 usurpa-

266 3021 359 3082 tum.
385 3011 514 3108 Itaque
539 3011 575 3083 h.
595 3012 620 3083 l.
637 3027 731 3084 ταῦτα
752 3026 789 3086 et
804 3023 1019 3111 προχειρότερον
1040 3023 1242 3109 utrumque
1260 3009 1353 3082 sub·
1415 3058 1416 3081 2

267 3116 419 3191 stantive
444 3119 556 3214 accipi
582 3130 711 3217 potest.

317 3271 367 3321 vs.
399 3248 453 3318 18.
481 3256 583 3349 ἀρότοιο
606 3245 697 3320 οἴκαδ’
723 3250 795 3320 ἄνευ
818 3256 979 3347 προπόλου,
1006 3259 1081 3322 cine
1105 3275 1217 3344 puero
1241 3251 1353 3339 susem

263 3368 427 3452 portante
451 3370 516 3428 cut
538 3363 630 3429 oium
655 3371 869 3431 ntonatrunte
889 3358 935 3430 ab
952 3358 1069 3457 epulis
1092 3357 1209 3430 redire
1234 3355 1354 3428 modi-

269 3488 331 3536 cae
352 3464 541 3560 potationis
556 3478 593 3537 et
608 3465 739 3540 veteris
752 3466 1010 3563 temperantiae
1035 3465 1228 3556 indicium,
1253 3461 1353 3560 quod

270 3570 368 3668 apud
396 3570 669 3645 lacedemonios
698 3572 806 3643 etiam
837 3571 957 3672 lege
945 3597 1087 3667 Jussum
1114 3582 1224 3642 erat:
1242 3579 1353 3647 πιόντες

270 3684 302 3753 δὲ
328 3692 451 3777 μετρίως
479 3687 578 3752 ἀπίασι
613 3683 684 3773 δι’χοι
703 3682 878 3773 λαμπάδος,
898 3679 948 3750 ait
966 3676 1180 3750 Plutarchus
1200 3675 1351 3774 Lycurg.

271 3815 301 3861 o.
332 3813 385 3860 12.
411 3786 611 3885 Xenophon
638 3787 728 3885 Rep.
752 3787 875 3860 Laced.
901 3814 932 3860 c.
960 3785 1006 3879 5,
1030 3796 1113 3858 sect.
1135 3809 1171 3883 7

321 3943 370 3995 rs.
399 3945 459 3992 ao
489 3930 526 3996 ὡς
550 3929 568 4000 ἡ
590 3924 781 4011 μνημοσύνη,
809 3924 875 3990 κτλ.
892 3920 1025 3992 Versus
1048 3915 1200 3989 hica
1167 3913 1251 3990 viris
1273 3913 1354 3987 doc·

275 4025 319 4097 tis
348 4026 443 4101 varie
470 4037 629 4099 tentatus
656 4037 695 4098 et
721 4023 912 4124 explicitus
941 4038 1004 4100 est.
1041 4021 1274 4097 casaubonus
1304 4023 1353 4094 ita

274 4133 524 4232 corrigendum
548 4133 701 4230 putabat
725 4161 734 4205 t
