2842 4884
512 450 726 494 annosorum.
1087 436 1147 501 181

70 599 294 691 conjecturas
313 608 457 670 tantum
484 596 673 696 protulisse
698 622 828 694 parum
853 611 917 670 sut
942 600 1033 672 nihil
1058 602 1153 677 inter

72 734 106 781 se
118 707 361 779 cohaerentes
374 705 410 776 ⁹⁵.
430 706 645 805 Diligentius
661 734 745 781 vero
764 707 1074 783 considerantibus
1086 738 1152 809 ap-

72 814 217 912 paruit,
248 811 363 885 multa
385 812 539 895 horum,
564 815 671 885 etiam
684 838 779 910 quae
793 815 1009 887 recentiores
1034 818 1152 913 prodi-

73 920 231 1008 derunt,
258 918 572 1016 antiquitatisfide
595 944 668 991 non
694 943 839 1014 prorsus
861 944 934 991 esse
959 920 1151 1013 destituta,

73 1026 161 1097 etin
177 1022 359 1121 plerisque
379 1049 473 1121 quae
488 1036 736 1095 memorantur
753 1026 833 1117 ejus
854 1022 1008 1122 planitie,
1023 1052 1153 1124 quam·
1213 1084 1216 1090 .

75 1132 121 1205 vis
142 1129 262 1202 multa
288 1131 360 1201 sint
388 1132 630 1203 recentiorum
655 1130 884 1227 opinionibus
910 1131 1096 1204 obscurata
1118 1146 1154 1207 et

75 1238 238 1325 confusa,
255 1236 368 1309 latere
395 1249 517 1309 tamen
541 1237 725 1310 vetustatis
743 1238 912 1335 vestigia,
935 1262 1029 1333 quae
1052 1264 1155 1311 com-

72 1356 192 1441 parata
214 1346 310 1416 inter
333 1369 370 1415 se
397 1355 497 1417 etex
524 1356 688 1416 veterum
707 1355 830 1416 mente
853 1341 1029 1415 illustrata
1056 1343 1154 1419 illius

73 1450 289 1521 sententiam
314 1448 574 1546 quodammodo
596 1449 697 1520 nobis
722 1460 1000 1545 repraesentent.
1024 1450 1153 1546 Itaque

74 1558 258 1629 doctorum
283 1558 468 1648 virorum,
497 1559 703 1655 praesertim
727 1557 902 1628 Brendisii
928 1568 965 1629 et
992 1556 1153 1630 Cousinii

75 1690 177 1763 opera
202 1664 317 1758 adjuti
352 1664 390 1734 id
411 1666 485 1758 jam
521 1666 703 1737 consecuti
726 1664 917 1756 videmur,
940 1676 984 1737 ut
1005 1676 1043 1737 et
1072 1668 1149 1737 sin-

75 1770 152 1867 gola
179 1769 407 1869 Xenophanis
432 1780 468 1842 et
495 1768 649 1841 aliorum
676 1770 904 1868 physicorum
928 1767 1058 1867 placita
1080 1772 1152 1843 sint

76 1875 290 1967 illustriora,
309 1887 346 1948 et
369 1875 535 1948 universa
559 1875 657 1949 illius
678 1875 877 1973 quaerendi
902 1875 1152 1974 cogitandique

78 1985 165 2052 ratio
190 1979 320 2053 clarius
344 1992 474 2076 pateat.
497 1980 622 2052 Fateor
647 1982 794 2079 quidem
822 1978 998 2054 nonnulla
1026 1981 1152 2053 Xeno-

80 2086 187 2183 phani
213 2086 351 2173 tribui,
382 2112 538 2183 quorum
569 2087 654 2159 fides
685 2113 759 2157 non
790 2089 871 2159 satis
902 2098 1061 2179 constet,
1091 2088 1153 2161 sed

80 2194 114 2261 in
137 2192 195 2264 his
221 2193 266 2264 ad
290 2190 470 2291 liquidum
498 2192 648 2288 perduci
673 2218 747 2263 non
772 2202 922 2289 possunt
945 2193 1085 2287 omnia,
1111 2219 1153 2265 eo

81 2296 248 2371 debemus
261 2322 334 2371 esse
346 2298 504 2370 contenti
515 2299 544 2367 si
556 2297 841 2394 probaverimus,
866 2323 961 2395 quae
973 2296 1071 2369 illius
1090 2324 1153 2369 no-

81 2404 172 2477 mine
196 2403 334 2502 prodita
357 2404 450 2495 sint,
476 2429 544 2476 nec
567 2404 680 2503 ipsius
697 2404 827 2477 rationi
844 2428 910 2476 nec
932 2405 1154 2501 antiquitatis

82 2510 218 2609 ingenio
240 2535 452 2609 repugnare.

122 2618 221 2690 Haec
253 2630 375 2689 autem
402 2617 568 2690 universe
597 2614 895 2714 contemplantes,
919 2606 1083 2689 videmus
1115 2617 1154 2690 in

82 2722 186 2797 rebus
235 2722 461 2796 naturalibus
498 2720 716 2820 explicandis
753 2720 1010 2818 Xenophanem
1048 2721 1153 2819 longe

82 2828 184 2901 aliam
209 2830 303 2905 viam
327 2841 436 2927 atque
459 2830 498 2899 in
523 2829 632 2901 rebus
656 2827 785 2901 divinis
810 2853 883 2899 esse
908 2839 1083 2901 secutum.
1108 2827 1154 2902 I'u

82 2933 130 3006 his
155 2938 275 3007 omnia
300 2935 345 3007 ad
367 2947 527 3008 mentem
553 2934 701 3022 retulit,
727 2960 799 3033 qua
825 2933 895 3006 sola
919 2934 1011 3007 duce
1035 2934 1079 3006 ad
1101 2934 1153 3005 di-

83 3042 182 3115 vinae
197 3055 347 3115 naturae
366 3042 604 3140 cognitionem
627 3040 805 3132 tetendit3
824 3041 870 3111 in
896 3038 965 3110 illis
992 3040 1036 3112 ad
1065 3065 1154 3113 ocu-

83 3144 129 3219 los
154 3150 267 3222 refert
300 3150 448 3240 omnia,
477 3148 595 3220 omnia
626 3171 798 3219 sensuum
823 3146 957 3241 jndicio
988 3144 1152 3243 explicat.

84 3255 270 3329 Poetarum
304 3268 340 3328 et
369 3254 468 3352 vulgi
497 3256 654 3328 fictiones
689 3281 729 3325 ac
761 3252 898 3326 fabulas
932 3254 1051 3325 omnia
1080 3254 1155 3325 Diis

84 3361 184 3457 plena
214 3363 428 3461 fingentium
464 3364 617 3459 rejecit;
656 3362 804 3459 propius
843 3362 984 3435 accessit
1012 3361 1056 3433 ad
1085 3387 1156 3432 an-

86 3470 360 3567 tiquissimorum
400 3468 626 3567 physicorum
661 3467 958 3565 simplicitatem,
997 3468 1061 3563 qui
1099 3492 1155 3539 res

86 3574 168 3649 tales
198 3576 273 3649 lere
307 3599 379 3649 esse
412 3586 627 3666 censerent,
663 3573 788 3672 quales
821 3572 934 3645 oculis
967 3596 1154 3644 cerneren-

87 3689 152 3752 tur.
178 3683 306 3779 Itaque
333 3680 417 3754 licet
440 3683 479 3752 in
504 3679 713 3777 explicanda
733 3687 859 3753 rerum
884 3691 1013 3750 natura
1039 3675 1154 3749 multa

87 3783 155 3881 ipse
180 3788 324 3861 finxerit
348 3813 462 3886 eaque
488 3786 661 3877 absurda,
699 3784 783 3857 talia
809 3796 928 3856 tamen
948 3794 1034 3855 sunt
1061 3808 1154 3882 quae

125 4052 187 4134 (95)
209 4050 276 4113 vid.
295 4053 423 4113 Meiners·
435 4050 540 4111 Gesch.
560 4048 589 4108 d.
608 4042 782 4108 Wissensch.
794 4064 823 4123 p.
839 4038 909 4101 618.
923 4039 1033 4103 Heeren
1043 4040 1154 4105 adsto·

91 4136 203 4220 meum,
225 4143 299 4202 Part.
317 4143 353 4217 l,
372 4142 408 4206 Τ.
428 4140 479 4218 ll,
502 4162 530 4222 p.
551 4138 629 4209 513,
650 4159 680 4216 q.
701 4146 730 4193 et
753 4154 781 4213 p.
801 4129 879 4207 522,
897 4131 925 4191 b.
