2842 4884
679 416 719 459 ult
741 415 932 459 motuum

778 684 820 746 ll.

725 949 880 1000 PHYSICA.

765 1170 837 1252 qr.

316 1408 487 1483 Absoluta
511 1408 738 1505 Xenophanis
761 1408 935 1479 sententia
960 1407 1005 1481 de
1028 1409 1119 1500 Deo,
1143 1414 1216 1505 jam
1238 1409 1343 1483 dein-

267 1545 349 1616 ceps
382 1518 426 1591 ad
456 1515 583 1613 placita
618 1520 696 1608 ejus
732 1514 777 1587 de
807 1515 934 1587 mundi
968 1516 1101 1613 origine
1138 1530 1174 1589 ct
1212 1542 1341 1590 rerum

266 1638 395 1697 natura
418 1624 612 1697 veniamus.
638 1623 733 1693 Haec
752 1633 874 1695 autem
898 1623 1105 1719 priusquam
1131 1622 1340 1716 ordiamur,

267 1729 559 1828 praecipiendum
582 1727 740 1817 videtur,
759 1754 805 1799 ne
821 1728 859 1798 in
875 1728 1093 1826 Xenophane
1110 1743 1340 1826 exspectetur

266 1840 472 1911 continuata
490 1836 666 1935 quaedam
685 1836 902 1932 disputatio,
927 1861 998 1933 qua
1025 1862 1148 1909 rerum
1172 1839 1339 1908 omnium

266 1956 432 2016 naturam
455 1954 492 2015 et
516 1941 689 2015 elementa
714 1941 758 2013 ad
786 1968 969 2013 summum
993 1941 1085 2014 illud
1116 1943 1339 2039 principium

267 2062 438 2146 tanquam
472 2049 609 2121 fontem
643 2047 840 2135 retulerit,
871 2049 1093 2144 rationesque
1122 2048 1339 2146 explicuerit

267 2155 398 2255 quibus
421 2153 579 2225 humana
605 2180 689 2225 cum
718 2154 846 2225 divinis
876 2156 1162 2252 constringantur
1187 2179 1337 2251 unaque

266 2261 302 2335 vi
325 2260 441 2330 omnia
458 2258 718 2330 contineantur.
733 2259 846 2352 Majus
860 2272 911 2331 est
927 2260 993 2331 hoc
1009 2260 1204 2358 quiddam,
1224 2286 1337 2357 quam

266 2392 285 2437 a
312 2364 528 2461 Xenophane
556 2368 708 2463 ejusque
731 2377 844 2437 aetate
871 2367 977 2462 possit
1002 2369 1204 2465 exspectari.
1228 2370 1337 2441 Vete-

266 2498 321 2543 res
344 2469 398 2543 illi
422 2496 642 2569 quamquam
666 2470 779 2543 multa
809 2472 987 2568 praeclare
1015 2474 1216 2546 sentiebant
1239 2474 1335 2545 mul-

266 2591 374 2678 taque
405 2577 594 2676 diligenter
622 2576 962 2676 perscrutabantur,
992 2593 1112 2651 tamen
1144 2581 1334 2653 universae

264 2699 414 2759 naturae
443 2685 632 2758 vinculum
660 2711 935 2783 caussarumque
967 2687 1093 2759 seriem
1122 2687 1181 2760 vix
1211 2701 1333 2760 mente

264 2793 430 2892 suspicati
452 2804 558 2884 sunt,
581 2792 718 2864 nedum
743 2794 878 2865 ratione
899 2790 1162 2888 explicuerunt.
1183 2791 1333 2866 Eleatici

264 2898 471 2995 praesertim
494 2899 532 2968 iu
557 2898 663 2969 rebus
687 2898 816 2971 divinis
839 2897 1098 2970 considerandis
1124 2912 1282 2971 mentem
1310 2927 1334 2971 a

265 3003 424 3074 sensibus
449 3016 661 3095 avocantes,
691 3030 764 3102 quo
793 3004 899 3076 altius
928 3005 977 3084 de,
1003 3004 1084 3077 Deo¹
1105 3006 1333 3105 cogitarunt,

267 3134 308 3181 eo
335 3110 443 3205 magis
468 3135 553 3181 eum
575 3136 594 3179 a
621 3135 743 3181 rerum
767 3124 895 3183 natura
918 3125 1147 3209 segregarunt
1169 3124 1206 3183 et
1231 3113 1334 3209 quasi

266 3214 447 3286 emunda
474 3216 695 3286 sustulerunt
722 3243 730 3286 :
755 3216 839 3288 hinc
867 3217 1067 3290 multorum
1099 3220 1333 3315 reprehensio

264 3324 362 3423 quod
392 3333 427 3393 et
460 3325 677 3421 principium
706 3350 829 3396 rerum
861 3325 1086 3399 sustulissent
1114 3352 1181 3397 nec
1210 3326 1333 3399 ullum

251 3430 489 3529 'reliquissent
516 3432 750 3527 generationis
773 3430 903 3503 locum.
935 3433 1026 3531 Ergo
1047 3458 1119 3503 non
1142 3433 1277 3504 mirum
1301 3434 1334 3503 si

263 3539 408 3639 physica
422 3562 546 3610 eorum
564 3535 688 3633 placita
705 3537 981 3636 ametaphysicis
994 3538 1099 3635 plane
1113 3538 1263 3610 fuerunt
1277 3538 1333 3609 di-

263 3672 361 3719 versa
391 3671 398 3716 :
429 3644 526 3741 apud
555 3644 817 3741 Xenophanem
849 3657 943 3717 certe
976 3658 1117 3717 tantum
1150 3658 1202 3717 est
1236 3646 1334 3717 inter

263 3766 418 3852 utraque
444 3753 631 3827 discrimen
656 3766 720 3844 ut,
751 3753 804 3824 his
832 3752 1005 3845 confusis,
1036 3757 1149 3825 omnis
1183 3767 1331 3851 pertur-

263 3859 371 3934 betur
385 3867 463 3957 ejus
482 3861 673 3951 sententia,
698 3886 818 3958 neque
836 3861 1040 3933 mirandum
1057 3864 1101 3933 sit
1117 3861 1329 3951 nonnullos,

266 3968 330 4063 qui
354 3966 439 4042 haec
469 3995 541 4041 non
570 3968 835 4057 discernerent,
866 3970 1040 4040 contraria
1067 3968 1174 4067 plane
1201 3981 1238 4041 et
1263 3967 1330 4039 ab·

196 4164 200 4172 ,
264 4071 371 4144 surda
390 4098 474 4148 eum
499 4077 657 4149 statuisse
683 4073 868 4147 arbitratos
885 4098 978 4164 esse;
1002 4075 1117 4151 veluti
1136 4074 1329 4148 Theodore-
