2842 4884
496 444 712 487 nnrnosornra.
1005 443 1012 464 ⁶
1082 424 1145 489 rte

72 596 151 692 poni
167 593 285 671 verbis
305 597 581 671 memoravimus
598 607 630 667 ¹¹.
659 596 773 691 Cujus
791 596 1040 692 interpretatio
1059 595 1145 669 licet

71 701 189 773 multis
216 702 407 801 probabilis
432 703 504 777 visa
532 706 599 792 sit,
629 704 688 776 hic
714 718 857 794 tamen,
885 704 949 801 qui
976 705 1016 776 in
1044 704 1142 777 refe-

72 809 184 879 rendis
210 824 377 883 veterum
401 810 504 881 dictis
532 823 569 882 et
596 808 735 907 placitis
760 835 864 907 saepe
896 836 1028 907 parum
1061 810 1147 882 dili-
1273 846 1278 853 ·

71 940 150 1011 gens
172 929 250 1008 est,
277 916 358 987 satis
376 915 534 1014 locuples
554 916 651 989 testis
666 917 791 989 haberi
810 943 882 987 non
898 930 1026 1014 potest,
1048 943 1147 1013 prae-

71 1024 186 1092 sertim
226 1048 310 1094 cum
344 1049 417 1094 non
450 1024 596 1095 omnino
629 1033 804 1120 appareat
832 1048 904 1120 qua
935 1025 1147 1097 auctoritato

72 1131 144 1221 ejus
166 1131 413 1203 testimonium
440 1134 590 1204 nitatur.
622 1132 659 1201 Si
686 1130 991 1228 Theophrastum,
1015 1132 1144 1214 Eude-

71 1258 167 1305 mum
212 1248 276 1307 aut
315 1236 426 1307 alium
460 1238 642 1335 quendam
679 1249 845 1310 veterum
877 1249 1023 1307 secutus
1057 1248 1147 1310 esset

71 1355 251 1431 auctores,
274 1343 312 1415 id
337 1346 494 1441 profecto
521 1346 573 1414 Jo.
596 1341 837 1440 Philoponum
857 1353 894 1415 et
914 1340 1142 1438 Simplicium

69 1473 136 1519 non
169 1450 325 1546 fugisset.
358 1449 555 1522 Aristotelis
586 1461 708 1521 autern
739 1449 838 1521 locus
868 1473 979 1546 quam
1015 1474 1148 1545 parum

69 1554 181 1631 valeat
205 1558 250 1629 ad
276 1558 562 1629 confirmandum
589 1569 653 1627 aut
673 1556 929 1629 illustrandum
955 1556 1049 1627 hane
1072 1556 1147 1627 Xe-

67 1664 238 1758 nophanis
261 1666 474 1735 sententiam
498 1662 601 1735 facile
629 1676 728 1759 patet
751 1692 759 1735 ε
786 1691 869 1735 nam
896 1664 1056 1761 primum
1080 1661 1147 1735 ille

69 1790 136 1839 non
161 1769 250 1839 dicit
277 1781 416 1839 veteres
438 1770 487 1838 ita
509 1767 615 1866 plane
638 1781 749 1865 atque
772 1770 938 1841 distincte
962 1768 1142 1858 statuisse,

69 1876 125 1947 sed
151 1874 222 1943 hoc
251 1876 369 1971 potius
395 1875 618 1949 demonstare
638 1875 781 1965 studet,
799 1899 1040 1971 quaecunque
1063 1870 1147 1944 illo-

69 2004 149 2053 rum
175 1979 223 2052 de
249 1995 401 2054 naturae
424 1982 534 2053 initiis
556 1982 667 2053 suerit
690 1983 866 2054 sententia
893 1980 968 2077 (ne
993 1983 1036 2053 iis
1065 1982 1146 2078 qui-

74 2086 153 2159 dem
168 2088 342 2182 exceptis,
359 2088 423 2185 qui
436 2112 554 2159 unum
569 2088 674 2158 modo
688 2100 866 2185 ponerent
879 2088 1103 2185 principium
1116 2086 1145 2183 )·‚

70 2216 188 2289 reapse
213 2204 333 2264 tamen
358 2195 533 2280 contraria
557 2194 701 2284 fecisse,
730 2192 815 2265 licet
839 2195 948 2267 etiam
982 2194 1028 2264 ab
1059 2195 1145 2289 ipsis

70 2320 136 2367 non
169 2310 398 2395 perspectum
433 2315 555 2397 neque
594 2300 730 2371 ratione
777 2297 990 2396 explicitum
1036 2310 1138 2371 esset.

70 2399 202 2476 Deinde
223 2430 295 2501 quo
318 2408 401 2498 jure
423 2404 622 2477 Aristotelis
647 2406 786 2477 dictum
808 2406 853 2477 ad
876 2405 1146 2501 Xenophanem

71 2512 181 2601 potius
210 2510 332 2583 referri
355 2522 516 2607 oportet,
543 2514 648 2604 cujus
664 2510 727 2581 ille
750 2512 790 2579 in
817 2509 1035 2609 explicandis
1058 2511 1147 2605 phy-

72 2616 217 2688 sicorum
248 2614 383 2711 placitis
413 2614 549 2685 nullam
581 2615 689 2686 habet
720 2615 931 2700 rationem,
961 2638 1070 2708 quam
1102 2614 1149 2685 ad

73 2719 196 2793 multos
223 2719 307 2793 alios
336 2745 425 2818 quos
455 2722 669 2792 nominatim
705 2743 904 2790 memorare
935 2716 1026 2787 nihil
1056 2742 1146 2811 opus

72 2838 161 2917 erat,
185 2827 363 2925 siquidem
389 2828 564 2899 sententia
595 2824 657 2896 illa
687 2851 759 2924 qua
793 2830 824 2895 τὸ
858 2828 942 2920 ξηρὸν
968 2828 1026 2891 καὶ
1046 2829 1144 2919 ὑγρὸν,

75 2931 175 3005 tellus
207 2946 245 3005 et
274 2959 395 3024 mare,
421 2933 547 3006 velut
575 2931 657 3023 alii,
685 2931 795 3004 tellus
818 2942 855 3002 et
883 2930 1007 3002 aether
1030 2931 1146 3003 omnis

75 3050 219 3112 naturae
241 3040 461 3111 haberentur
481 3039 679 3136 principia,
700 3063 773 3108 non
794 3035 1065 3133 singularis‘sed
1085 3036 1147 3108 ad-

75 3147 214 3218 modum
221 3160 408 3245 pervagata
423 3160 531 3243 atque
545 3160 628 3217 ante
642 3142 870 3216 Aristotelem
885 3146 992 3217 etiam
1005 3146 1147 3241 aperitis

75 3249 108 3319 in
131 3279 232 3326 scena
265 3268 353 3327 esset
373 3254 549 3327 celebrata
575 3266 608 3323 ¹².
634 3261 729 3325 Haec
746 3254 857 3349 igitur
870 3278 982 3349 quam
1006 3256 1147 3324 infirma

76 3357 138 3428 sint
151 3364 193 3435 ad
207 3362 434 3460 Xenophanis
453 3362 625 3460 placitum
643 3361 736 3432 illud
749 3360 974 3458 probandum
990 3362 1071 3432 satis
1087 3362 1146 3431 in·
1258 3374 1262 3380 ’

77 3463 253 3564 telligitur.

118 3570 222 3664 Quod
248 3574 291 3645 ad
321 3573 477 3645 alterum
503 3574 654 3663 attinet,
682 3572 903 3670 principium
934 3572 1050 3643 omnis
1076 3596 1144 3639 na·
1196 3645 1198 3650 .

78 3679 171 3751 turae
206 3693 337 3752 terram
361 3706 452 3765 esse,
480 3678 576 3749 idem
601 3680 745 3753 sensisse
771 3678 1013 3775 Pherecydem
1038 3673 1061 3711 ¹³
1079 3675 1144 3771 qui
1167 3678 1174 3698 “

115 3866 175 3949 (rr)
196 3871 265 3933 vid.
282 3874 390 3951 Fragm.
408 3870 446 3931 X.
462 3870 556 3947 Adde,
577 3871 651 3949 quod
666 3870 739 3930 idem
758 3870 890 3950 placitum
904 3868 1086 3945 Anaxagorae
1099 3868 1146 3926 tri·

78 3948 166 4019 hututn
181 3976 222 4021 est
243 3964 277 4022 ab
295 3962 443 4023 Heraclide
463 3963 582 4041 Allegor.
602 3984 630 4044 p.
646 3962 707 4045 439
724 3960 768 4019 ed.
791 3959 856 4019 Gal.
1082 3983 1084 3988 ’
1172 3981 1177 3990 ’

115 4061 173 4143 (12)
191 4067 366 4128 Valckenser
378 4114 386 4143 ‚
408 4069 498 4127 Diatr.
518 4070 616 4149 Eurip.
638 4090 698 4148 cap.
719 4067 748 4126 V
772 4077 800 4123 ct
820 4064 869 4124 Vl.

114 4166 172 4251 (¹3)
194 4174 297 4235 Sturzii
314 4176 422 4255 Fragm.
447 4174 599 4257 Pherecyd.
621 4198 650 4255 p.
676 4174 715 4255 39
736 4192 793 4251 sqq.
