2842 4884
514 369 689 422 nruoomu.
1093 349 1141 416 83

81 542 268 640 significari.
286 541 356 614 Sed
380 542 489 613 istum
513 539 669 615 errorem
695 541 764 616 viri
784 543 878 615 docti
898 545 971 637 jam
999 542 1141 615 dudum

81 646 312 738 refellerunt,
340 660 377 719 et
408 648 527 744 κέρασον
559 649 625 722 diu
661 662 743 721 ante
777 646 970 719 Lucullum
998 647 1144 722 Graecis

81 743 268 824 innotuisse
293 764 438 822 constat.
465 753 544 825 Vid.
571 754 778 826 Athenaeus
795 754 850 841 Il,
875 779 910 850 p.
938 752 1003 843 50,
1027 766 1065 826 et
1090 754 1142 826 ibi

82 857 270 929 Casauboni
291 856 479 932 Animadv.
502 885 536 956 p.
570 858 647 930 103.
674 859 811 931 Plinius
831 860 876 930 Η.
905 860 946 931 N.
972 861 1061 951 XV,
1082 861 1141 934 30.

81 964 131 1036 ed.
149 966 225 1061 Bip.
240 963 401 1061 Geopon.
415 967 556 1064 Scriptt.
570 965 612 1058 X,
630 966 687 1058 dr.
702 966 757 1039 ed.
769 966 901 1039 Needh.
914 966 1078 1066 Denique
1096 968 1143 1041 de

80 1070 163 1142 libro
184 1078 250 1169 cept
270 1077 375 1169 φύσεως
391 1071 479 1168 quid
498 1074 773 1146 existimandum
790 1073 852 1163 sit,
885 1073 931 1145 de
961 1098 1003 1146 eo
1034 1098 1142 1173 supra
1275 1085 1277 1087 ’
1392 1066 1396 1069 ’

81 1202 111 1272 p.
136 1175 192 1248 26.
210 1179 375 1268 diximus.

553 1407 653 1471 XXX.

126 1663 354 1764 Elymologus
396 1666 440 1737 Μ.
479 1673 640 1763 Βρόταχος·
677 1674 722 1738 τὸν
757 1671 907 1765 βάτραχον
936 1667 1058 1756 Ἴωνες,
1097 1674 1148 1736 καὶ

81 1763 286 1870 hemmone,
320 1777 371 1842 καὶ
402 1781 481 1868 παρὰ
513 1775 756 1871 Ξενοφάνει.
786 1775 951 1847 Εείιῃίθη]ἲ
993 1773 1147 1844 nominis

83 1884 224 1959 [ormam
255 1887 400 1961 exhibet
431 1889 624 1987 Hesychius
657 1917 676 1961 a
717 1888 869 1961 librariis
895 1892 1070 1961 mutatam
1104 1891 1145 1960 in

84 1993 229 2089 βάτραχος.
258 1993 343 2072 Vid.
364 1995 484 2090 Intpp.
505 1995 541 2065 T.
560 1997 591 2086 I,
612 2023 641 2067 c.
663 2020 744 2094 770·
768 1996 868 2067 Idem
892 1993 1039 2066 alteram
1056 2017 1144 2091 quo-

84 2121 150 2194 que
180 2102 329 2171 sormam
354 2101 461 2174 habet
485 2104 653 2198 βόρταχοςς
687 2103 774 2174 haec
796 2099 978 2192 Aeolum,
1002 2099 1064 2172 illa
1090 2101 1146 2170 Io-

84 2227 167 2276 num
191 2206 337 2280 videtur
368 2209 509 2305 propria
546 2209 663 2281 fuisse.
692 2206 826 2278 Similia
846 2207 1021 2304 quaedam
1043 2205 1146 2278 affert

84 2308 177 2382 Koeu
198 2314 243 2386 ad
265 2311 412 2412 Gregor.
429 2315 587 2394 Corinth.
613 2316 659 2388 de
675 2314 825 2387 dialecto
849 2315 967 2386 Ionica
990 2339 1024 2412 p.
1051 2311 1143 2407 455¹,

86 2415 134 2487 ed.
160 2420 335 2492 Schaefer.
820 2414 829 2456 ἶ

553 2697 668 2760 ΧΧΧΙ.
720 2725 723 2732 ·

129 2948 170 3021 Α.
191 2948 337 3025 Gellius
357 2949 399 3020 N.
430 2947 469 3020 A.
488 2948 564 3040 HI,
596 2974 632 3018 ιι
657 2975 664 3019 :
685 2972 706 3018 u
727 2945 799 3018 Alii
826 2951 1008 3017 Homerum
1043 2971 1147 3043 quom

86 3074 105 3121 n
129 3059 308 3130 Hesiodum
323 3060 486 3147 mojorem
508 3067 595 3126 natu
615 3058 726 3147 fuisse
749 3051 966 3149 scripserunt
976 3104 987 3143 ,
1008 3051 1048 3122 in
1067 3053 1148 3150 qui-

86 3179 105 3226 n
130 3157 195 3234 hus
223 3161 452 3234 Philochorus
481 3172 518 3232 et
545 3165 795 3253 Xenophanes,
825 3156 884 3227 alii
916 3157 1103 3230 minorem.
1124 3182 1146 3229 n

87 3263 334 3366 Xenophanem
353 3267 609 3365 Colophonium
625 3266 784 3356 Homeri,
803 3291 914 3364 quem
926 3290 1034 3337 suum
1047 3292 1149 3363 prae·

87 3372 246 3448 dicabant
280 3375 508 3473 Colophonii,
535 3386 686 3448 aetatem
716 3398 942 3464 memorasse,
972 3398 1046 3442 non
1074 3372 1148 3441 mi-

88 3502 164 3554 rum
184 3483 306 3556 :unde
332 3509 416 3559 vero
442 3483 683 3554 testimonium
706 3485 784 3574 ejus
808 3481 982 3579 acceperit
1010 3476 1150 3550 Gellius
1223 3547 1232 3574 ⁸

89 3609 155 3660 uon
179 3603 350 3688 apparet,
383 3587 564 3686 probabile
591 3603 642 3662 est
666 3617 685 3660 a
712 3587 920 3661 Philochoro
960 3584 1149 3656 clarissimo

89 3691 324 3794 chronologo,
356 3721 465 3794 quem
500 3696 653 3792 priorem
684 3697 870 3784 nominat,
904 3717 976 3765 esse
1007 3690 1149 3762 desum-

91 3807 174 3874 ium.
198 3805 331 3878 Eadem
355 3805 475 3877 autem
500 3803 618 3900 opinio
645 3802 823 3875 Heraclidi
843 3801 987 3871 Pontico
1007 3809 1043 3869 et
1075 3796 1151 3897 ple·
1264 3818 1266 3821 ·

90 3906 205 4006 risque*
244 3924 407 3986 veterum
433 3910 579 4009 placuit.
616 3910 696 3983 vid.
739 3907 943 3985 Dodwellus
984 3905 1029 3978 de
1065 3918 1152 3981 vett.

92 4008 261 4092 Graecet
277 4020 425 4094 Roman.
444 4018 548 4120 cyclis
562 4019 703 4094 Dissert.
720 4019 795 4108 Ill,
813 4044 848 4116 p.
882 4013 971 4108 156,
998 4026 1034 4088 et
1052 4015 1152 4087 Doct.
1232 4044 1234 4048 ·

960 4127 1006 4200 δὴ
