2842 4884
509 434 722 481 rutnosorurs.
1088 420 1153 490 ttt

80 584 233 655 nionum
253 595 386 681 quanta
408 583 455 655 sit
479 584 662 658 diversius
686 596 859 682 apperet3
884 585 1012 659 eadem
1037 591 1155 663 estin

81 702 150 761 tota
181 691 329 761 omnino
356 689 418 761 illa
448 692 658 788 quaestione
682 690 728 763 de
774 704 940 765 veterum
968 692 1154 769 elementia

80 796 343 893 discrepantia:
369 800 475 891 cujus
499 800 551 871 rei
576 797 722 895 culpam
746 824 823 870 non
843 800 927 895 ipsis
950 802 1154 877 auctoribus

79 902 308 975 tribuendam
333 926 429 994 esse,
454 904 514 975 sed
540 906 776 1001 posteriorum
807 907 1022 1003 scriptorum
1046 908 1155 981 insci·

79 1010 147 1080 tiae
170 1010 238 1105 qui
261 1007 406 1079 illorum
432 1008 523 1080 dicta
551 1022 659 1107 atque
685 1008 811 1107 placita
840 1012 1004 1107 perversi
1043 1014 1155 1085 inter-

79 1117 293 1211 pretatione
305 1115 571 1205 confuderunt,
594 1114 819 1213 explorandis
844 1116 975 1189 horum
998 1123 1154 1192 testime-

80 1222 144 1291 niis
172 1220 395 1318 probabitur.

116 1327 279 1399 Primum
295 1329 391 1425 quod
402 1328 575 1425 Diogenes
586 1327 749 1399 Laertius
759 1324 868 1399 refert
874 1280 1154 1427 ,Xenophanem

78 1449 240 1531 quatuor
265 1438 425 1508 statuisse
450 1458 570 1507 rernm
587 1433 783 1523 elementa,
802 1434 923 1531 placiti
944 1437 1055 1532 hujus
1073 1464 1157 1511 auc-

78 1552 195 1614 torem
234 1542 487 1639 Empedoclem
515 1542 622 1614 luisse
660 1542 901 1615 Aristoteles⁷
927 1555 965 1615 et
992 1543 1157 1641 plerique

80 1660 221 1721 veteres
250 1650 494 1719 testificantur.
522 1646 627 1719 Unde
656 1658 802 1719 tantum
826 1660 923 1727 certe
952 1648 1070 1746 colligi
1095 1674 1157 1747 po·

79 1764 171 1843 test,
199 1753 325 1823 eadem
351 1752 525 1850 principia
552 1752 636 1824 licet
651 1753 793 1824 dudum
817 1766 921 1825 antea
945 1754 991 1826 eb
1014 1754 1091 1850 aliis
1106 1778 1158 1827 es·

77 1872 158 1931 sent
190 1872 404 1950 memorata,
431 1858 683 1955 Empedoclem
709 1872 831 1930 tamen
863 1863 1024 1956 primum
1051 1862 1158 1933 fuisse

78 1968 143 2063 qui
173 1964 263 2036 haec
291 1988 419 2063 genera
450 1965 579 2037 clarius
605 1967 824 2037 discerneret
850 1980 1007 2063 aptaque
1030 1992 1159 2039 eorum

79 2072 334 2167 compositione
348 2072 522 2157 etordine
536 2072 716 2143 mundum
733 2071 911 2143 formaret.
929 2071 1158 2169 Quamquam

80 2174 255 2275 Diogenes
280 2176 412 2274 aliique
428 2178 546 2249 studio
560 2178 716 2275 quodam
732 2178 957 2273 antiquitatis
974 2176 1075 2250 ducti
1091 2178 1158 2251 hoe

18 2316 19 2319 ¹
84 2282 258 2379 placitum
273 2283 388 2355 multo
405 2284 670 2381 superioribus,
690 2284 896 2381 praesertim
913 2285 1157 2386 Pythagoreis,

86 2403 285 2487 acceptum
310 2389 575 2480 retulerunt⁸,
611 2416 653 2463 eo
686 2390 831 2462 fortasse
863 2390 1032 2482 inducti,
1062 2391 1159 2490 quod

87 2496 317 2595 Empedocles
339 2497 574 2596 Pythagoreae
600 2496 807 2591 disciplinae
833 2496 998 2567 aemulus
1019 2511 1072 2567 est
1095 2500 1158 2570 he

87 2601 203 2697 bitus3
193 2604 416 2675 u·ndesane
432 2628 503 2675 non
524 2604 658 2673 mirum
675 2602 912 2697 Xenophani‚
937 2600 1061 2673 Italico
1081 2604 1158 2699 phi-

87 2659 254 2829 lpsoplio‚
280 2710 430 2781 eandem
454 2735 474 2780 a
501 2707 686 2779 nonnullis
708 2708 882 2778 tributam
907 2730 982 2777 esse
1009 2720 1159 2779 senten-

87 2815 182 2887 tiam.
216 2816 354 2887 Horum
382 2829 504 2887 autem
536 2812 652 2911 qualis
684 2813 799 2885 luerit
827 2813 1089 2906 interpretandi
1118 2824 1158 2885 et

89 2921 272 3013 iudicandi
297 2922 408 3013 ratio,
434 2944 479 2992 ex
509 2918 655 2990 Homeri
679 2920 877 3015 interprete
895 2918 1081 2988 Eustathio
1103 2919 1159 2989 in·

88 3028 198 3127 telligi
226 3041 363 3127 potest,
389 3030 452 3125 qui
476 3028 520 3100 ad
545 3050 686 3100 versum
712 3025 819 3097 illuni
844 3031 969 3122 poetae
993 3038 1030 3115 ⁹,
1054 3037 1158 3106 πάντες

85 3134 161 3233 ὕδωρ
183 3143 236 3208 καὶ
259 3158 333 3231 γαῖα
357 3142 508 3232 γένοισθε,
522 3146 684 3223 annotat,
700 3133 768 3204 hoc
786 3132 923 3203 dictum
939 3158 958 3201 a
973 3133 1160 3205 nonnullis

88 3240 134 3312 sic
159 3242 352 3339 explicari,
385 3255 427 3314 ut
454 3256 567 3313 terroe
592 3253 628 3313 et
654 3264 765 3335 oquae
789 3237 861 3307 duo
889 3238 995 3309 etiam
1021 3238 1159 3335 relique

89 3344 263 3422 elementa
282 3350 509 3445 suggerenda
535 3360 729 3435 censeant,
753 3345 886 3441 pariter
910 3358 953 3416 ut
974 3347 1069 3441 apud
1088 3348 1158 3417 He·

92 3454 224 3528 siodttm
255 3471 293 3531 et
322 3456 611 3552 Xenophanem·
625 3462 845 3535 consumentem
877 3474 933 3531 τοῖς
962 3454 1026 3573 d'por
1057 3479 1159 3529 τουτοις

92 3576 216 3655 ςαχιίας
243 3568 350 3633 καὶτὰ
376 3566 461 3635 λοιπὰ
483 3565 553 3651 tto,
579 3568 665 3631 ease
695 3560 817 3657 εὕρηται
840 3565 891 3629 sel
914 3586 976 3655 nep
979 3551 1172 3650 ΗΗσιόδῑιὶ,

43 3849 45 3853 ,
130 3800 174 3879 (7)
195 3802 309 3862 Aristot.
331 3798 459 3881 Metapln
476 3800 509 3872 Ι,
531 3798 559 3877 4,
583 3819 612 3880 p,
633 3796 748 3880 (ΨΑ
858 3810 861 3816 .

133 3910 173 3991 (8)
194 3916 312 3994 Diogen.
332 3914 364 3973 L.
384 3913 471 3986 Vlll,
491 3924 558 3972 sect.
579 3911 627 3973 25.
650 3911 794 3973 Chaldaeis
811 3908 910 3968 tribuit
930 3908 1043 3968 Procles
1063 3909 1092 3968 in
1107 3909 1158 3969 Ti·

96 4016 197 4063 meum
217 4026 245 4085 p.
268 4000 333 4081 154.
356 4001 399 4063 ed.
419 4002 481 4062 Bas.

135 4113 178 4195 (9)
197 4114 230 4175 ll·
253 4143 267 4182 a
277 4160 285 4192 ,
301 4136 350 4197 99.
370 4116 414 4175 Cf.
432 4126 514 4197 supra
533 4116 632 4195 fragm.
654 4112 708 4172 lx.

958 4236 971 4279 ι
982 4236 1011 4280 1.
