2842 4884
262 399 284 460 ss
711 413 902 458 reseratius

263 569 340 642 Hoc
352 569 598 641 testimonium
612 566 795 664 plerisque
810 568 1004 665 persuasit,
1024 578 1068 638 ut
1085 565 1349 664 Xenophanem

122 689 127 702 ’
249 691 341 775 post
361 701 523 774 pugnam
549 673 777 770 Salaminiam
801 690 866 748 aut
889 689 986 748 certe
1003 675 1260 746 Marathoniam
1281 700 1349 747 su-

263 785 448 882 perstitem
480 783 586 854 fuisse
611 793 813 879 putarent:
837 808 995 880 quarum
1021 782 1109 854 haec
1133 781 1350 882 Olympiade

265 915 337 989 72,
370 888 432 960 illa
457 885 598 987 Olymp.
628 886 674 986 75
701 888 791 960 faeta
816 900 881 960 est.
909 888 1013 960 Unde
1037 887 1286 987 collegerunt,
1304 887 1351 959 il-

263 995 344 1070 lum
374 1007 471 1068 certo
501 1020 575 1064 non
600 1007 683 1066 ante
711 995 1047 1093 quinquagesimam
1071 993 1352 1093 Olympiadem,

264 1103 326 1178 sed
355 1103 474 1200 potius
495 1099 680 1198 aliquanto
703 1114 825 1200 postea
852 1115 980 1174 natum
1002 1127 1102 1192 esse,
1128 1114 1170 1173 ut
1186 1114 1283 1174 recte
1299 1101 1370 1174 di··

265 1223 409 1302 caretur
432 1235 451 1280 a
476 1209 617 1280 'limaeo
631 1209 797 1280 Hieronis
813 1222 929 1281 aetate
947 1211 1083 1282 vixisse.
1099 1209 1153 1278 Ita
1166 1207 1353 1280 Casauho-

165 1355 167 1360 ·
265 1341 367 1402 nus,
396 1313 629 1405 Dodwellus,
655 1314 821 1407 Baelius,
850 1314 1085 1406 Feuerlinus,
1113 1313 1352 1406 Bruckerus,

266 1423 449 1498 Harlesius
474 1421 636 1494 arbitrati
649 1435 736 1495 sunt
759 1432 771 1470 ⁹
799 1449 807 1494 :
831 1449 937 1496 nemo
961 1420 1353 1520 suspicabatur,aliam

265 1555 365 1626 posse
383 1529 571 1603 Medorum
587 1530 810 1603 invasionem
828 1529 983 1629 intelligi
999 1555 1111 1628 quam
1130 1554 1211 1600 eam
1230 1554 1351 1625 quae,

265 1641 378 1708 Dorio
402 1635 460 1708 vel
484 1640 599 1708 Xerxe
627 1649 826 1735 regnante,
849 1637 889 1707 in
914 1633 1103 1708 Graeciam
1129 1635 1219 1707 facta
1248 1646 1351 1706 esset.

264 1741 307 1814 Id
330 1767 416 1818 vero
438 1743 621 1842 redarguit
644 1770 765 1842 nuper
787 1743 879 1814 Clar.
901 1745 1023 1816 Victor
1046 1743 1202 1832 Cousin,
1226 1740 1355 1814 litera-

267 1850 421 1934 tissimus
455 1851 551 1922 inter
578 1849 805 1948 philosophos
828 1861 880 1937 ¹⁰,
905 1853 970 1948 qui
1002 1850 1133 1948 prohat
1164 1849 1354 1946 Xenopha-

265 1958 321 2029 nis
345 1958 484 2030 dictum
509 1957 554 2030 ad
577 1961 804 2057 superiorem
829 1960 949 2055 potius
977 1970 1136 2055 spectare
1162 1957 1354 2029 Medorum

267 2067 548 2162 expeditionem,
566 2073 730 2162 Harpaqo
742 2068 835 2140 duce
843 2119 857 2153 ,
881 2068 1049 2141 adversus
1061 2064 1215 2138 Graecos
1232 2056 1356 2138 Asiam

166 2226 169 2236 ,
267 2171 463 2244 incolentes
486 2184 710 2270 susceptam,
743 2199 815 2271 qua
834 2171 999 2270 plerique
1017 2173 1206 2245 Persarum
1237 2173 1355 2270 impe·

267 2278 320 2348 rio
346 2277 523 2373 subjecti,
552 2277 722 2350 nonnulli
749 2304 831 2352 vero
855 2278 1064 2376 praesertim
1088 2279 1355 2370 Phocaeenses,

267 2383 390 2456 relicta
416 2385 551 2482 patria,
581 2384 733 2458 navibus
757 2384 906 2482 profecti
931 2396 1016 2456 sunt
1043 2386 1174 2481 partim
1200 2385 1239 2455 in
1262 2382 1357 2456 Gal-

269 2489 379 2583 liam,
404 2491 469 2564 uhi
493 2489 681 2563 Massiliam
701 2492 982 2590 frequentarunt
996 2491 1143 2584 incolis,
1167 2492 1357 2588 partimin

267 2595 433 2689 Italiam,
453 2597 518 2670 uhi
537 2598 782 2686 condiderunt
798 2597 938 2670 Veliam
954 2625 965 2690 3
984 2598 1025 2669 in
1040 2623 1151 2696 quam
1171 2598 1359 2670 civitatem

267 2717 388 2802 postea
405 2706 481 2804 ipse
499 2705 738 2804 Xenophanes
751 2705 951 2778 habitatum
963 2706 1146 2778 concessit.
1160 2705 1260 2797 Quid
1271 2731 1358 2803 ergo

267 2811 536 2886 memorabilius
555 2814 589 2884 ei
609 2812 675 2884 hac
691 2813 918 2911 expeditione
935 2823 1075 2908 poterat
1095 2810 1243 2903 haberi,
1260 2836 1360 2909 quae

269 2929 342 2992 tam
357 2920 511 3018 publicis
528 2923 607 3015 ejus
620 2946 731 3018 quam
744 2923 891 3020 privatis
905 2920 1014 2993 rebus
1026 2932 1117 2994 esset
1131 2921 1358 3014 conjuncta?

268 3024 393 3125 anue
422 3053 548 3098 rerum
578 3029 731 3100 mutatio
763 3028 803 3100 in
832 3030 953 3126 ipsum
979 3025 1073 3099 illud
1102 3026 1231 3100 incidit
1256 3041 1359 3100 tem-

267 3157 360 3232 pus,
385 3158 458 3230 quo
485 3131 645 3206 floruisse
672 3134 933 3233 Xenophanem
955 3146 1093 3208 veteres
1116 3147 1320 3208 memorant
1348 3163 1357 3207 :

268 3239 434 3336 quocirca
457 3265 532 3310 non
546 3239 692 3314 videtur
716 3239 842 3314 dehac
858 3241 1158 3340 interpretatione
1170 3266 1272 3340 posse
1287 3241 1358 3314 du-

310 3479 354 3561 (9)
378 3478 533 3539 Casaubon.
554 3479 702 3541 Animadr.
718 3479 754 3540 ad
768 3479 870 3543 Athen.
880 3501 911 3561 p.
932 3499 998 3541 110.
1010 3480 1148 3541 Dodwell.
1164 3480 1200 3541 de
1215 3481 1360 3542 veteribus

270 3568 371 3629 Graec.
392 3581 420 3626 et
440 3570 559 3628 Roman.
579 3568 674 3651 cyclis.
698 3569 772 3628 Diss.
793 3571 845 3643 ΙΙΙ,
866 3590 894 3650 p.
917 3565 981 3648 134.
1010 3572 1057 3648 qui
1075 3592 1134 3631 non
1153 3570 1243 3630 solum
1264 3569 1361 3631 Xeno·

270 3659 410 3743 phanem,
434 3659 483 3720 sed
503 3662 570 3721 alios
590 3681 715 3739 quoque,
731 3673 763 3720 ut
781 3661 1006 3743 Epaminondam
1022 3674 1051 3720 et
1066 3661 1271 3743 Pythagoram,
1288 3662 1361 3720 facit

271 3753 398 3810 seriores.
422 3750 509 3832 Bayle
530 3749 653 3810 Diction.
676 3751 707 3808 in
728 3745 908 3830 Xenophon.
930 3753 979 3829 qui
998 3751 1139 3810 tamenin
1163 3750 1362 3811 constituenda

271 3839 332 3920 ejus
348 3852 438 3898 aetate
452 3840 577 3901 fluctuat.
595 3840 756 3900 Fenerlinus
776 3842 893 3901 Dissert.
909 3841 975 3900 hist.
990 3839 1092 3921 philos.
1110 3839 1146 3900 de
1160 3839 1357 3921 Xenophane,

272 3931 350 4012 cujus
369 3928 567 4013 disputationis
587 3952 721 3992 summam
739 3933 825 3992 refert
843 3933 953 3993 Harles.
973 3935 1005 3992 in
1013 3933 1134 3993 Fabricii
1153 3931 1288 3993 Biblioth.
1306 3932 1361 3994 Gr.

273 4021 308 4080 Τ.
330 4022 369 4080 Il.
390 4043 418 4102 p.
437 4021 507 4109 ⁶¹4:
528 4021 654 4082 Brother
670 4023 746 4082 Hist.
766 4025 830 4084 crit.
850 4024 952 4106 philos.
973 4025 1007 4084 T.
1026 4024 1056 4100 I,
1077 4046 1106 4107 p.
1133 4021 1243 4108 1143.

170 4113 173 4120 '
315 4111 381 4190 (ro)
401 4111 556 4171 Nouveaux
574 4112 716 4194 fragmens
736 4113 838 4196 philos.
859 4135 890 4195 p.
914 4112 1016 4176 1245.
