2842 4884
523 434 736 481 rmtosornm.
1098 420 1163 487 189

83 593 143 677 μὰς
185 590 398 667 ἐπιπλήττοντος
426 594 477 655 καὶ
505 597 555 670 τὴν
590 595 673 657 αὑτοῦ
706 599 880 684 παριξαντος
912 593 1092 680 εὐλάβειαν,
1125 606 1163 675 ὡς

83 692 151 789 ἄρα
182 698 251 770 θεὸς
274 698 327 785 μὲν
352 689 405 764 οἶδε
430 703 480 775 τὴν
505 696 675 785 ἀλήθειαν,
701 695 815 774 δόκος
836 691 864 766 δ’
891 703 952 769 ἐπὶ
974 715 1074 769 πᾶσι
1105 711 1163 769 τέ-

82 826 249 869 τυκται·
278 813 296 881 ἡ
324 805 382 893 μὲι
406 808 465 897 γὰρ
493 805 636 899 φιλοσοφίαι
669 806 753 897 θήρα
787 820 837 884 τῆς
864 808 1006 886 alnetus
1035 814 1083 889 ἐςὶ
1113 817 1163 878 καὶ

79 903 179 1001 ὄρεξις
217 911 266 974 καὶ
287 924 341 977 τῶν
366 923 558 1002 wopands
578 914 628 975 aul
642 922 699 987 ,τῆς
721 912 789 1008 apic
809 910 906 987 αι’νιοὺς
927 922 1088 1009 συμφωνιοις
1109 941 1162 1009 φη-

80 1022 137 1081 σίν.
169 1012 219 1081 In
249 1014 371 1109 primis
398 1038 481 1110 ergo
510 1010 564 1083 illi
589 1012 676 1085 haec
699 1010 778 1083 laus
801 1013 936 1085 tributa
965 1030 1039 1109 est,
1064 1020 1163 1116 quod

77 1120 317 1216 superiorum
335 1120 569 1218 arrogantiam
594 1117 804 1191 modestiore
823 1118 1096 1219 philosophandi·
1108 1151 1163 1199 ra·

9 1246 10 1321 φ
77 1226 182 1299 tione
213 1227 405 1323 repressit,
437 1225 535 1323 quod
564 1224 685 1297 Cicero
713 1250 859 1323 quoque
890 1237 927 1299 et
954 1226 1088 1302 allide
1119 1258 1162 1306 eo

9 1334 11 1345 ’
77 1343 265 1405 testantur
276 1332 297 1404 ⁸.
318 1331 546 1431 Quamquam
569 1331 741 1404 Stohaeus
762 1332 911 1453 quidem
929 1333 1162 1431 Xenophanis

76 1437 224 1533 dictum
251 1466 271 1513 e
298 1440 444 1513 Platone
476 1439 615 1512 ornavit
643 1450 679 1509 et
707 1440 839 1509 auxit:
860 1438 975 1515 veluti
1009 1440 1138 1533 hoc,
1123 1475 1161 1524 ως

76 1552 150 1626 θεὸς
176 1552 230 1640 μὲν
252 1546 306 1619 οἶδε
331 1558 381 1631 τὴν
405 1552 574 1634 ἀλήθειαν,
601 1547 769 1619 convenit
792 1546 899 1645 plane
923 1573 1008 1620 cum
1030 1547 1160 1622 illisin

9 1614 11 1755 l
75 1650 245 1726 Phaedro
277 1652 379 1724 dictis
407 1677 427 1721 a
462 1652 641 1724 Socrate:
673 1658 703 1722 τὸ
733 1656 786 1744 μὲν
811 1660 891 1787 σοφὸν
927 1653 1080 1724 salust
1063 1683 1161 1749 εμοιγε

9 1802 11 1871 φ
75 1768 161 1853 μέγα
193 1758 263 1828 sum
287 1759 365 1828 δοκεῖ
389 1788 437 1826 και
431 1760 525 1853 θεῷ
552 1768 630 1887 φόνῳ
659 1767 789 1855 πρέπειν·
820 1766 852 1830 τὸ
877 1761 951 1842 diri
977 1761 1161 1860 φιλόσοφονῆ

74 1865 184 1933 ratitos
214 1892 241 1932 τι
269 1864 377 1955 μᾶλλον
404 1891 435 1931 τε
463 1863 501 1933 ἂν
527 1864 606 1959 αὐτῷ
634 1875 766 1960 ἁρμόττοι
793 1872 845 1934 καὶ
868 1868 1155 1962 ἐμμελεςέρωςέχοι.

9 1960 11 2067 l
72 1971 177 2042 Item
196 1968 293 2065 quod
311 1968 568 2071 philosophiam
588 1936 673 2041 dicit
693 1977 792 2067 θῆραι
810 1990 860 2053 τῆς
873 1976 1033 2064 ἀληθείας,
1054 1999 1159 2045 usur-

9 2086 211 2181 patum
229 2073 321 2146 illud
337 2062 516 2147 aPlatone
539 2088 576 2147 et
587 2074 799 2173 Platonicis,
816 2089 856 2150 ut
875 2080 1068 2176 sapientiae
1083 2092 1158 2154 stu-

9 2170 184 2253 dium
204 2178 388 2278 appellent
405 2189 564 2254 ueritatis
581 2183 836 2278 iudaqata'onam
846 2236 862 2271 ,
881 2198 926 2255 aot
944 2185 1022 2265 ἔν’τος
1034 2193 1156 2292 θήραν,

9 2358 10 2371 ,
75 2298 121 2357 ut
146 2288 188 2357 in
211 2286 399 2361 Phaedone
419 2288 505 2361 dicit
528 2289 695 2362 Socrates.
723 2289 889 2388 Denique
911 2289 1010 2389 quod
1031 2293 1157 2367 eadem

9 2376 11 2465 l
76 2390 175 2487 ὄρεξις
206 2398 303 2465 καλῶν
320 2414 545 2492 συφχορευτῶι
531 2395 582 2466 (
557 2421 606 2466 stc
631 2396 729 2467 enim
749 2396 942 2494 legendum
966 2400 1083 2494 puto)
1109 2408 1160 2471 καὶ

9 2468 11 2551 l
74 2516 123 2580 τῆς
142 2528 212 2595 προς
235 2504 331 2577 αὐτοὺς
354 2510 515 2597 συμφωνίας
534 2468 718 2590 habetur,
736 2502 902 2573 admonet
925 2526 988 2571 nos
1007 2522 1063 2571 τῶν
1086 2513 1156 2599 ἐρω-

9 2612 11 2689 }
73 2608 174 2695 τιιιῶν,
201 2630 358 2704 quorum
373 2606 491 2677 studio
504 2617 540 2677 et
565 2606 710 2677 scientia
735 2630 772 2677 se
795 2604 971 2677 excellere
999 2608 1155 2683 Socrates

9 2734 10 2737 ’
75 2714 291 2807 profitetur,
330 2737 447 2810 quum
483 2708 600 2809 pulcri
626 2736 783 2783 amorem
822 2711 1000 2807 optimum
1037 2714 1153 2786 existi·

64 2831 150 2889 ¹mat
182 2817 423 2917 philosophiae
452 2813 604 2905 ducem,
634 2842 706 2915 quo
731 2815 879 2890 colendo
910 2818 1065 2893 veritatis
1080 2822 1151 2894 vir-

74 2926 237 3024 tutisque
268 2925 431 3000 studium
459 2926 499 2995 in
528 2928 708 3020 juvenum
742 2926 868 2997 animis
900 2925 1112 3000 accendatur
1126 2938 1151 2999 ⁹.

75 3029 405 3107 Animadvertenda
428 3033 516 3106 haec
543 3032 737 3124 duximus,
763 3058 810 3105 ne
834 3032 874 3103 in
898 3033 1152 3132 Xenophanem

76 3140 308 3211 conferantur
337 3164 493 3237 eaquae
524 3164 591 3211 nec
620 3150 713 3212 aetas
750 3141 828 3233 ejus
864 3163 946 3211 nec,
966 3141 1152 3239 ingenium

76 3242 223 3319 ferebat.
249 3247 328 3319 Jam
343 3246 431 3319 haec
466 3244 641 3319 dubitatio
667 3270 708 3318 eo
739 3245 882 3320 videtur
909 3245 1079 3337 valuisse,
1109 3262 1154 3323 ut

116 3538 161 3623 (8)
186 3540 282 3599 Cicero
302 3538 386 3599 head.
416 3540 471 3613 Qu.
494 3538 536 3598 lv
547 3583 556 3614 ,
579 3536 627 3598 25.
646 3537 728 3596 Timo
759 3558 803 3619 ap.
827 3536 902 3597 Sext.
922 3537 1028 3619 Empir.
1050 3536 1151 3617 Pyrrh.

78 3623 101 3700 I,
121 3628 191 3708 224.
212 3640 316 3688 ceteros
337 3626 515 3709 philosophos
529 3646 624 3686 omnes
642 3640 801 3707 arrogantes
818 3626 905 3702 dicit,
921 3626 995 3687 huuc
1014 3623 1150 3703 ι’πιίτιφιι

79 3718 206 3797 appellat.

117 3858 162 3939 (9)
181 3856 304 3919 Platonis
320 3856 374 3917 loci
399 3859 550 3917 exstantia
566 3856 684 3917 Phaedr.
701 3880 729 3939 p.
744 3855 846 3937 1781).
867 3852 1048 3915 inPhaedou.
1058 3874 1087 3934 p.
1110 3874 1145 3937 ιφ

79 3941 172 4024 Wytt.
182 3946 218 4005 ad
233 3966 260 4024 q.
274 3946 295 4006 l.
304 3947 341 4006 cl.
357 3957 458 4006 annot.
472 3967 501 4028 p.
517 3944 582 4007 155.
595 3948 708 4008 Proclus
728 3941 862 4025 Theolog.
873 3946 981 4006 Platon.
995 3944 1019 4021 l,
1034 3965 1060 4004 1.
1070 3942 1148 4005 ltlem

80 4032 243 4097 inParmen.
261 4038 317 4099 vol.
336 4037 397 4108 IV,
417 4057 447 4117 p.
461 4034 512 4108 38,
522 4037 566 4098 ed.
588 4039 753 4100 conualle
773 4056 866 4097 amore
879 4038 936 4117 agit
956 4056 1013 4098 van
1032 4037 1148 4099 Heusde

79 4120 179 4199 philos.
201 4126 307 4188 Platon.
326 4126 427 4203 Initia,
448 4147 477 4207 p.
492 4124 532 4207 96
550 4146 609 4205 sqq.
