<?xml version="1.0" encoding="UTF-8"?>
<!DOCTYPE html PUBLIC "-//W3C//DTD XHTML 1.0 Transitional//EN"
    "http://www.w3.org/TR/xhtml1/DTD/xhtml1-transitional.dtd">
<html xmlns="http://www.w3.org/1999/xhtml" xml:lang="en" lang="en">
 <head>
  <title>
</title>
<meta http-equiv="Content-Type" content="text/html;charset=utf-8" />
  <meta name='ocr-system' content='tesseract 3.04.00' />
  <meta name='ocr-capabilities' content='ocr_page ocr_carea ocr_par ocr_line ocrx_word'/>
</head>
<body>
  <div class='ocr_page' id='page_1' title='image "./xenophaniscolop01karsgoog_0081.png"; bbox 0 0 2842 4884; ppageno 0'>
   <div class='ocr_carea' id='block_1_1' title="bbox 538 397 1168 472">
    <p class='ocr_par' dir='ltr' id='par_1_1' title="bbox 538 397 1168 472">
     <span class='ocr_line' id='line_1_1' title="bbox 538 397 1168 472; baseline 0.005 -12"><span class='ocrx_word' id='word_1_1' title='bbox 538 417 717 472; x_wconf 81' lang='lat' dir='ltr'>nmroumu.</span> <span class='ocrx_word' id='word_1_2' title='bbox 1122 397 1168 463; x_wconf 75' lang='lat'>45</span> 
     </span>
    </p>
   </div>
   <div class='ocr_carea' id='block_1_2' title="bbox 84 572 1283 1104">
    <p class='ocr_par' dir='ltr' id='par_1_2' title="bbox 84 572 1283 1104">
     <span class='ocr_line' id='line_1_2' title="bbox 86 572 1163 675; baseline 0.003 -28"><span class='ocrx_word' id='word_1_3' title='bbox 86 573 349 673; x_wconf 83' lang='lat' dir='ltr'>redarguendas</span> <span class='ocrx_word' id='word_1_4' title='bbox 371 572 593 647; x_wconf 87' lang='lat' dir='ltr'>Graecorum</span> <span class='ocrx_word' id='word_1_5' title='bbox 616 573 804 674; x_wconf 83' lang='lat' dir='ltr'>religiones</span> <span class='ocrx_word' id='word_1_6' title='bbox 833 576 937 675; x_wconf 93' lang='lat' dir='ltr'>(Vid.</span> <span class='ocrx_word' id='word_1_7' title='bbox 962 576 1039 650; x_wconf 85' lang='lat' dir='ltr'>Ast.</span> <span class='ocrx_word' id='word_1_8' title='bbox 1068 601 1163 650; x_wconf 92' lang='lat' dir='ltr'>com-</span> 
     </span>
     <span class='ocr_line' id='line_1_3' title="bbox 85 680 1283 782; baseline 0.005 -30"><span class='ocrx_word' id='word_1_9' title='bbox 85 695 188 754; x_wconf 87' lang='lat' dir='ltr'><strong>ment</strong></span> <span class='ocrx_word' id='word_1_10' title='bbox 212 683 249 753; x_wconf 93' lang='lat' dir='ltr'>in</span> <span class='ocrx_word' id='word_1_11' title='bbox 274 680 363 754; x_wconf 88' lang='lat' dir='ltr'>Plat.</span> <span class='ocrx_word' id='word_1_12' title='bbox 381 681 484 754; x_wconf 84' lang='lat' dir='ltr'>Polit.</span> <span class='ocrx_word' id='word_1_13' title='bbox 514 709 549 780; x_wconf 90' lang='lat' dir='ltr'>p.</span> <span class='ocrx_word' id='word_1_14' title='bbox 579 682 664 773; x_wconf 64' lang='lat'>428.</span> <span class='ocrx_word' id='word_1_15' title='bbox 679 683 709 780; x_wconf 87' lang='lat'>);</span> <span class='ocrx_word' id='word_1_16' title='bbox 735 684 1015 782; x_wconf 89' lang='lat' dir='ltr'>Neo-platonici</span> <span class='ocrx_word' id='word_1_17' title='bbox 1041 698 1165 759; x_wconf 86' lang='lat' dir='ltr'>contra</span> <span class='ocrx_word' id='word_1_18' title='bbox 1267 735 1283 767; x_wconf 41' lang='lat' dir='ltr'>a</span> 
     </span>
     <span class='ocr_line' id='line_1_4' title="bbox 85 784 1162 892; baseline 0.006 -33"><span class='ocrx_word' id='word_1_19' title='bbox 85 786 271 886; x_wconf 84' lang='lat' dir='ltr'>allegorica</span> <span class='ocrx_word' id='word_1_20' title='bbox 289 789 585 885; x_wconf 79' lang='lat' dir='ltr'>interpretatione</span> <span class='ocrx_word' id='word_1_21' title='bbox 608 784 816 862; x_wconf 84' lang='lat' dir='ltr'>fabularum</span> <span class='ocrx_word' id='word_1_22' title='bbox 837 793 990 890; x_wconf 81' lang='lat' dir='ltr'>ineptias</span> <span class='ocrx_word' id='word_1_23' title='bbox 1014 804 1162 892; x_wconf 85' lang='lat' dir='ltr'>tegere,</span> 
     </span>
     <span class='ocr_line' id='line_1_5' title="bbox 85 896 1164 999; baseline 0.006 -31"><span class='ocrx_word' id='word_1_24' title='bbox 85 922 200 994; x_wconf 87' lang='lat' dir='ltr'>eaque</span> <span class='ocrx_word' id='word_1_25' title='bbox 217 909 390 995; x_wconf 82' lang='lat' dir='ltr'>tanquam</span> <span class='ocrx_word' id='word_1_26' title='bbox 412 896 554 970; x_wconf 86' lang='lat' dir='ltr'>divinae</span> <span class='ocrx_word' id='word_1_27' title='bbox 572 899 766 994; x_wconf 84' lang='lat' dir='ltr'>sapientiae</span> <span class='ocrx_word' id='word_1_28' title='bbox 785 899 942 998; x_wconf 85' lang='lat' dir='ltr'>symbola</span> <span class='ocrx_word' id='word_1_29' title='bbox 960 902 1164 999; x_wconf 88' lang='lat' dir='ltr'>praedicare</span> 
     </span>
     <span class='ocr_line' id='line_1_6' title="bbox 84 1000 941 1104; baseline 0.006 -30"><span class='ocrx_word' id='word_1_30' title='bbox 84 1003 316 1076; x_wconf 89' lang='lat' dir='ltr'>studuerunt.</span> <span class='ocrx_word' id='word_1_31' title='bbox 340 1000 484 1076; x_wconf 89' lang='lat' dir='ltr'>Proclus</span> <span class='ocrx_word' id='word_1_32' title='bbox 508 1003 671 1104; x_wconf 85' lang='lat' dir='ltr'>Theolog.</span> <span class='ocrx_word' id='word_1_33' title='bbox 691 1006 734 1098; x_wconf 91' lang='lat' dir='ltr'>I,</span> <span class='ocrx_word' id='word_1_34' title='bbox 760 1005 795 1098; x_wconf 98' lang='grc'>4.</span> <span class='ocrx_word' id='word_1_35' title='bbox 821 1033 856 1103; x_wconf 92' lang='lat' dir='ltr'>p.</span> <span class='ocrx_word' id='word_1_36' title='bbox 888 1031 941 1079; x_wconf 91' lang='lat'>10.</span> 
     </span>
    </p>
   </div>
   <div class='ocr_carea' id='block_1_3' title="bbox 181 1253 1055 1546">
    <p class='ocr_par' dir='ltr' id='par_1_3' title="bbox 181 1253 1055 1546">
     <span class='ocr_line' id='line_1_7' title="bbox 581 1253 670 1320; baseline -0.045 0"><span class='ocrx_word' id='word_1_37' title='bbox 581 1253 670 1320; x_wconf 89' lang='lat' dir='ltr'><strong>VIII.</strong></span> 
     </span>
     <span class='ocr_line' id='line_1_8' title="bbox 181 1441 1055 1546; baseline 0.007 -30"><span class='ocrx_word' id='word_1_38' title='bbox 181 1441 235 1517; x_wconf 82' lang='grc' dir='ltr'>Ἐν.</span> <span class='ocrx_word' id='word_1_39' title='bbox 260 1457 345 1544; x_wconf 72' lang='grc' dir='ltr'><em>γαίης</em></span> <span class='ocrx_word' id='word_1_40' title='bbox 364 1457 423 1546; x_wconf 78' lang='grc' dir='ltr'>γὰρ</span> <span class='ocrx_word' id='word_1_41' title='bbox 438 1459 561 1542; x_wconf 75' lang='grc' dir='ltr'>πάντα,</span> <span class='ocrx_word' id='word_1_42' title='bbox 588 1455 639 1518; x_wconf 82' lang='grc' dir='ltr'>καὶ</span> <span class='ocrx_word' id='word_1_43' title='bbox 663 1458 702 1528; x_wconf 86' lang='grc' dir='ltr'>εἰς</span> <span class='ocrx_word' id='word_1_44' title='bbox 726 1467 780 1545; x_wconf 78' lang='grc' dir='ltr'>γῆν</span> <span class='ocrx_word' id='word_1_45' title='bbox 802 1461 898 1522; x_wconf 82' lang='grc' dir='ltr'><em>πάντα</em></span> <span class='ocrx_word' id='word_1_46' title='bbox 925 1453 1055 1542; x_wconf 69' lang='grc' dir='ltr'><strong>τελευτᾷ.</strong></span> 
     </span>
    </p>
   </div>
   <div class='ocr_carea' id='block_1_4' title="bbox 19 1665 1161 3592">
    <p class='ocr_par' dir='ltr' id='par_1_4' title="bbox 19 1665 1161 3592">
     <span class='ocr_line' id='line_1_9' title="bbox 81 1665 1160 1765; baseline 0.004 -31"><span class='ocrx_word' id='word_1_47' title='bbox 81 1665 300 1739; x_wconf 83' lang='lat' dir='ltr'>Memoratur</span> <span class='ocrx_word' id='word_1_48' title='bbox 327 1667 385 1740; x_wconf 89' lang='lat' dir='ltr'>hic</span> <span class='ocrx_word' id='word_1_49' title='bbox 415 1665 613 1745; x_wconf 89' lang='lat' dir='ltr'>versiculus</span> <span class='ocrx_word' id='word_1_50' title='bbox 635 1693 655 1738; x_wconf 90' lang='lat' dir='ltr'>a</span> <span class='ocrx_word' id='word_1_51' title='bbox 683 1667 790 1739; x_wconf 78' lang='lat' dir='ltr'>Sexto</span> <span class='ocrx_word' id='word_1_52' title='bbox 816 1667 953 1765; x_wconf 86' lang='lat' dir='ltr'>Empir.</span> <span class='ocrx_word' id='word_1_53' title='bbox 982 1665 1061 1741; x_wconf 88' lang='lat' dir='ltr'>adv.</span> <span class='ocrx_word' id='word_1_54' title='bbox 1087 1672 1160 1739; x_wconf 92' lang='lat' dir='ltr'>Ma-</span> 
     </span>
     <span class='ocr_line' id='line_1_10' title="bbox 80 1771 1159 1872; baseline 0.006 -34"><span class='ocrx_word' id='word_1_55' title='bbox 80 1771 193 1845; x_wconf 92' lang='lat' dir='ltr'>them.</span> <span class='ocrx_word' id='word_1_56' title='bbox 214 1773 264 1866; x_wconf 86' lang='lat' dir='ltr'>X,</span> <span class='ocrx_word' id='word_1_57' title='bbox 286 1773 370 1846; x_wconf 84' lang='lat'>313.</span> <span class='ocrx_word' id='word_1_58' title='bbox 393 1775 542 1848; x_wconf 84' lang='lat' dir='ltr'>Stohaeo</span> <span class='ocrx_word' id='word_1_59' title='bbox 560 1772 636 1845; x_wconf 88' lang='lat' dir='ltr'>Ecl.</span> <span class='ocrx_word' id='word_1_60' title='bbox 656 1772 760 1872; x_wconf 85' lang='lat' dir='ltr'><strong>Phys.</strong></span> <span class='ocrx_word' id='word_1_61' title='bbox 783 1773 821 1864; x_wconf 93' lang='lat' dir='ltr'>I,</span> <span class='ocrx_word' id='word_1_62' title='bbox 838 1799 874 1870; x_wconf 91' lang='lat' dir='ltr'>p.</span> <span class='ocrx_word' id='word_1_63' title='bbox 901 1772 984 1871; x_wconf 71' lang='grc'><strong>294.</strong></span> <span class='ocrx_word' id='word_1_64' title='bbox 1004 1775 1159 1848; x_wconf 83' lang='lat' dir='ltr'>Haeren.</span> 
     </span>
     <span class='ocr_line' id='line_1_11' title="bbox 79 1877 1159 1964; baseline 0 -12"><span class='ocrx_word' id='word_1_65' title='bbox 79 1881 273 1954; x_wconf 83' lang='lat' dir='ltr'>Plutarcho</span> <span class='ocrx_word' id='word_1_66' title='bbox 290 1881 434 1954; x_wconf 90' lang='lat' dir='ltr'>Homer.</span> <span class='ocrx_word' id='word_1_67' title='bbox 450 1882 516 1956; x_wconf 84' lang='lat' dir='ltr'>vit.</span> <span class='ocrx_word' id='word_1_68' title='bbox 536 1879 629 1953; x_wconf 91' lang='lat' dir='ltr'>med.</span> <span class='ocrx_word' id='word_1_69' title='bbox 650 1880 690 1950; x_wconf 91' lang='lat' dir='ltr'>in</span> <span class='ocrx_word' id='word_1_70' title='bbox 705 1877 844 1964; x_wconf 84' lang='lat' dir='ltr'>scholiis</span> <span class='ocrx_word' id='word_1_71' title='bbox 859 1879 1003 1952; x_wconf 88' lang='lat' dir='ltr'>Homer.</span> <span class='ocrx_word' id='word_1_72' title='bbox 1024 1879 1159 1952; x_wconf 92' lang='lat' dir='ltr'>ViIIois.</span> 
     </span>
     <span class='ocr_line' id='line_1_12' title="bbox 79 1985 1160 2087; baseline 0.002 -27"><span class='ocrx_word' id='word_1_73' title='bbox 79 1991 169 2063; x_wconf 90' lang='lat' dir='ltr'>item</span> <span class='ocrx_word' id='word_1_74' title='bbox 196 1992 235 2060; x_wconf 91' lang='lat' dir='ltr'>in</span> <span class='ocrx_word' id='word_1_75' title='bbox 260 1988 397 2062; x_wconf 81' lang='lat' dir='ltr'>schollis</span> <span class='ocrx_word' id='word_1_76' title='bbox 425 1988 554 2060; x_wconf 91' lang='lat' dir='ltr'>minor.</span> <span class='ocrx_word' id='word_1_77' title='bbox 583 1987 627 2060; x_wconf 91' lang='lat' dir='ltr'>ad</span> <span class='ocrx_word' id='word_1_78' title='bbox 650 1985 693 2058; x_wconf 94' lang='lat' dir='ltr'>Il.</span> <span class='ocrx_word' id='word_1_79' title='bbox 717 2019 745 2069; x_wconf 83' lang='grc' dir='ltr'>η.</span> <span class='ocrx_word' id='word_1_80' title='bbox 774 2012 840 2086; x_wconf 84' lang='grc'>99,</span> <span class='ocrx_word' id='word_1_81' title='bbox 863 1987 928 2060; x_wconf 90' lang='lat' dir='ltr'>uhi</span> <span class='ocrx_word' id='word_1_82' title='bbox 953 1987 1160 2087; x_wconf 88' lang='lat' dir='ltr'>neglectum</span> 
     </span>
     <span class='ocr_line' id='line_1_13' title="bbox 79 2093 1161 2193; baseline 0 -23"><span class='ocrx_word' id='word_1_83' title='bbox 79 2110 131 2170; x_wconf 84' lang='lat' dir='ltr'>est</span> <span class='ocrx_word' id='word_1_84' title='bbox 152 2110 324 2171; x_wconf 89' lang='lat' dir='ltr'>metrum.</span> <span class='ocrx_word' id='word_1_85' title='bbox 341 2097 479 2170; x_wconf 90' lang='lat' dir='ltr'>Docent</span> <span class='ocrx_word' id='word_1_86' title='bbox 492 2096 559 2168; x_wconf 90' lang='lat' dir='ltr'>hoc</span> <span class='ocrx_word' id='word_1_87' title='bbox 572 2094 795 2186; x_wconf 89' lang='lat' dir='ltr'>testimonio,</span> <span class='ocrx_word' id='word_1_88' title='bbox 822 2093 1081 2193; x_wconf 86' lang='lat' dir='ltr'>Xenophanem</span> <span class='ocrx_word' id='word_1_89' title='bbox 1105 2121 1161 2170; x_wconf 88' lang='lat' dir='ltr'>re-</span> 
     </span>
     <span class='ocr_line' id='line_1_14' title="bbox 80 2202 1160 2278; baseline 0.003 -3"><span class='ocrx_word' id='word_1_90' title='bbox 80 2229 164 2276; x_wconf 90' lang='lat' dir='ltr'>rum</span> <span class='ocrx_word' id='word_1_91' title='bbox 204 2206 368 2277; x_wconf 90' lang='lat' dir='ltr'>omnium</span> <span class='ocrx_word' id='word_1_92' title='bbox 404 2205 573 2277; x_wconf 87' lang='lat' dir='ltr'>naturam</span> <span class='ocrx_word' id='word_1_93' title='bbox 612 2202 656 2276; x_wconf 89' lang='lat' dir='ltr'>ad</span> <span class='ocrx_word' id='word_1_94' title='bbox 687 2217 820 2275; x_wconf 80' lang='lat' dir='ltr'>terram</span> <span class='ocrx_word' id='word_1_95' title='bbox 850 2203 1024 2278; x_wconf 89' lang='lat' dir='ltr'>retulisse.</span> <span class='ocrx_word' id='word_1_96' title='bbox 1054 2205 1160 2278; x_wconf 87' lang='lat' dir='ltr'>Prae-</span> 
     </span>
     <span class='ocr_line' id='line_1_15' title="bbox 78 2311 1160 2410; baseline 0.002 -28"><span class='ocrx_word' id='word_1_97' title='bbox 78 2312 209 2410; x_wconf 90' lang='lat' dir='ltr'>cipuus</span> <span class='ocrx_word' id='word_1_98' title='bbox 233 2326 356 2384; x_wconf 91' lang='lat' dir='ltr'>tamen</span> <span class='ocrx_word' id='word_1_99' title='bbox 380 2323 505 2384; x_wconf 91' lang='lat' dir='ltr'>auctor</span> <span class='ocrx_word' id='word_1_100' title='bbox 531 2312 659 2383; x_wconf 86' lang='lat' dir='ltr'>Sextus</span> <span class='ocrx_word' id='word_1_101' title='bbox 680 2311 884 2407; x_wconf 87' lang='lat' dir='ltr'>Empiricus</span> <span class='ocrx_word' id='word_1_102' title='bbox 904 2337 978 2383; x_wconf 91' lang='lat' dir='ltr'>non</span> <span class='ocrx_word' id='word_1_103' title='bbox 998 2314 1074 2409; x_wconf 88' lang='lat' dir='ltr'>ipsc</span> <span class='ocrx_word' id='word_1_104' title='bbox 1091 2311 1160 2384; x_wconf 91' lang='lat' dir='ltr'>hu-</span> 
     </span>
     <span class='ocr_line' id='line_1_16' title="bbox 77 2416 1161 2517; baseline 0 -27"><span class='ocrx_word' id='word_1_105' title='bbox 77 2420 134 2513; x_wconf 84' lang='lat' dir='ltr'>jus</span> <span class='ocrx_word' id='word_1_106' title='bbox 147 2417 271 2517; x_wconf 90' lang='lat' dir='ltr'>placiti</span> <span class='ocrx_word' id='word_1_107' title='bbox 289 2430 415 2490; x_wconf 88' lang='lat' dir='ltr'>testem</span> <span class='ocrx_word' id='word_1_108' title='bbox 439 2444 476 2490; x_wconf 88' lang='lat' dir='ltr'>se</span> <span class='ocrx_word' id='word_1_109' title='bbox 494 2419 595 2509; x_wconf 83' lang='lat' dir='ltr'>lacit,</span> <span class='ocrx_word' id='word_1_110' title='bbox 616 2419 678 2491; x_wconf 89' lang='lat' dir='ltr'>sed</span> <span class='ocrx_word' id='word_1_111' title='bbox 694 2443 739 2489; x_wconf 84' lang='lat' dir='ltr'>ex</span> <span class='ocrx_word' id='word_1_112' title='bbox 758 2416 912 2490; x_wconf 89' lang='lat' dir='ltr'>aliorum</span> <span class='ocrx_word' id='word_1_113' title='bbox 929 2418 1161 2516; x_wconf 86' lang='lat' dir='ltr'>quorundam</span> 
     </span>
     <span class='ocr_line' id='line_1_17' title="bbox 79 2516 1159 2623; baseline 0 -29"><span class='ocrx_word' id='word_1_114' title='bbox 79 2528 289 2598; x_wconf 89' lang='lat' dir='ltr'>auctoritate</span> <span class='ocrx_word' id='word_1_115' title='bbox 324 2537 513 2618; x_wconf 88' lang='lat' dir='ltr'>memorat;</span> <span class='ocrx_word' id='word_1_116' title='bbox 542 2524 628 2598; x_wconf 92' lang='lat' dir='ltr'>dicit</span> <span class='ocrx_word' id='word_1_117' title='bbox 660 2526 791 2596; x_wconf 87' lang='lat' dir='ltr'>enim:</span> <span class='ocrx_word' id='word_1_118' title='bbox 823 2526 982 2623; x_wconf 56' lang='grc' dir='ltr'><em>Ξενοφάνης</em></span> <span class='ocrx_word' id='word_1_119' title='bbox 1020 2529 1052 2596; x_wconf 82' lang='grc' dir='ltr'>δὲ</span> <span class='ocrx_word' id='word_1_120' title='bbox 1078 2516 1159 2596; x_wconf 82' lang='grc' dir='ltr'>κατ’</span> 
     </span>
     <span class='ocr_line' id='line_1_18' title="bbox 76 2631 1159 2730; baseline 0.004 -29"><span class='ocrx_word' id='word_1_121' title='bbox 76 2638 212 2713; x_wconf 80' lang='grc' dir='ltr'><em>ἐνίους</em></span> <span class='ocrx_word' id='word_1_122' title='bbox 236 2641 270 2703; x_wconf 80' lang='grc' dir='ltr'>ἐκ</span> <span class='ocrx_word' id='word_1_123' title='bbox 296 2650 358 2728; x_wconf 77' lang='grc' dir='ltr'><strong>γῆς.</strong></span> <span class='ocrx_word' id='word_1_124' title='bbox 384 2633 512 2730; x_wconf 91' lang='lat' dir='ltr'>Itaque</span> <span class='ocrx_word' id='word_1_125' title='bbox 537 2644 699 2704; x_wconf 91' lang='lat' dir='ltr'>auctores</span> <span class='ocrx_word' id='word_1_126' title='bbox 729 2631 840 2726; x_wconf 86' lang='lat' dir='ltr'>hujus</span> <span class='ocrx_word' id='word_1_127' title='bbox 864 2632 1056 2702; x_wconf 88' lang='lat' dir='ltr'>testimonii</span> <span class='ocrx_word' id='word_1_128' title='bbox 1083 2657 1159 2705; x_wconf 89' lang='lat' dir='ltr'>non</span> 
     </span>
     <span class='ocr_line' id='line_1_19' title="bbox 76 2738 1159 2836; baseline 0.001 -27"><span class='ocrx_word' id='word_1_129' title='bbox 76 2751 164 2810; x_wconf 90' lang='lat' dir='ltr'>sunt</span> <span class='ocrx_word' id='word_1_130' title='bbox 176 2740 370 2813; x_wconf 89' lang='lat' dir='ltr'>admodum</span> <span class='ocrx_word' id='word_1_131' title='bbox 385 2738 601 2836; x_wconf 83' lang='lat' dir='ltr'>locupletes3</span> <span class='ocrx_word' id='word_1_132' title='bbox 620 2739 694 2836; x_wconf 92' lang='lat' dir='ltr'>ipsa</span> <span class='ocrx_word' id='word_1_133' title='bbox 712 2763 797 2812; x_wconf 87' lang='lat' dir='ltr'>vero</span> <span class='ocrx_word' id='word_1_134' title='bbox 813 2739 1005 2828; x_wconf 90' lang='lat' dir='ltr'>sententia,</span> <span class='ocrx_word' id='word_1_135' title='bbox 1023 2751 1159 2810; x_wconf 79' lang='lat' dir='ltr'>terram</span> 
     </span>
     <span class='ocr_line' id='line_1_20' title="bbox 77 2842 1157 2941; baseline 0.001 -25"><span class='ocrx_word' id='word_1_136' title='bbox 77 2871 149 2917; x_wconf 80' lang='lat' dir='ltr'>ease</span> <span class='ocrx_word' id='word_1_137' title='bbox 164 2856 273 2919; x_wconf 81' lang='lat' dir='ltr'>omnia</span> <span class='ocrx_word' id='word_1_138' title='bbox 284 2861 435 2918; x_wconf 78' lang='lat' dir='ltr'>naturae</span> <span class='ocrx_word' id='word_1_139' title='bbox 447 2855 636 2936; x_wconf 81' lang='lat' dir='ltr'>materiem,</span> <span class='ocrx_word' id='word_1_140' title='bbox 651 2845 719 2916; x_wconf 92' lang='lat' dir='ltr'>nisi</span> <span class='ocrx_word' id='word_1_141' title='bbox 733 2843 859 2917; x_wconf 88' lang='lat' dir='ltr'>latiore</span> <span class='ocrx_word' id='word_1_142' title='bbox 879 2843 1036 2941; x_wconf 87' lang='lat' dir='ltr'>quodam</span> <span class='ocrx_word' id='word_1_143' title='bbox 1052 2842 1157 2917; x_wconf 88' lang='lat' dir='ltr'>modo</span> 
     </span>
     <span class='ocr_line' id='line_1_21' title="bbox 77 2948 1159 3052; baseline 0.003 -31"><span class='ocrx_word' id='word_1_144' title='bbox 77 2953 297 3052; x_wconf 87' lang='lat' dir='ltr'>accipiatur,</span> <span class='ocrx_word' id='word_1_145' title='bbox 318 2982 338 3026; x_wconf 91' lang='lat' dir='ltr'>a</span> <span class='ocrx_word' id='word_1_146' title='bbox 362 2953 592 3051; x_wconf 84' lang='lat' dir='ltr'>Xenophanis</span> <span class='ocrx_word' id='word_1_147' title='bbox 612 2952 783 3050; x_wconf 91' lang='lat' dir='ltr'>opinione</span> <span class='ocrx_word' id='word_1_148' title='bbox 802 2962 839 3023; x_wconf 86' lang='lat' dir='ltr'>et</span> <span class='ocrx_word' id='word_1_149' title='bbox 859 2948 997 3047; x_wconf 87' lang='lat' dir='ltr'>placitis</span> <span class='ocrx_word' id='word_1_150' title='bbox 1015 2977 1159 3049; x_wconf 89' lang='lat' dir='ltr'>prorsus</span> 
     </span>
     <span class='ocr_line' id='line_1_22' title="bbox 76 3059 1159 3162; baseline 0.003 -30"><span class='ocrx_word' id='word_1_151' title='bbox 76 3059 193 3134; x_wconf 89' lang='lat' dir='ltr'>aliena</span> <span class='ocrx_word' id='word_1_152' title='bbox 218 3063 383 3155; x_wconf 84' lang='lat' dir='ltr'>videtur,</span> <span class='ocrx_word' id='word_1_153' title='bbox 408 3075 453 3135; x_wconf 92' lang='lat' dir='ltr'>ut</span> <span class='ocrx_word' id='word_1_154' title='bbox 476 3063 567 3136; x_wconf 88' lang='lat' dir='ltr'>infra</span> <span class='ocrx_word' id='word_1_155' title='bbox 594 3085 837 3159; x_wconf 82' lang='lat' dir='ltr'>exponemus3</span> <span class='ocrx_word' id='word_1_156' title='bbox 861 3061 974 3132; x_wconf 87' lang='lat' dir='ltr'>forma</span> <span class='ocrx_word' id='word_1_157' title='bbox 998 3060 1159 3162; x_wconf 91' lang='lat' dir='ltr'>denique</span> 
     </span>
     <span class='ocr_line' id='line_1_23' title="bbox 76 3167 1158 3268; baseline 0.002 -30"><span class='ocrx_word' id='word_1_158' title='bbox 76 3171 283 3242; x_wconf 86' lang='lat' dir='ltr'>recentioris</span> <span class='ocrx_word' id='word_1_159' title='bbox 300 3169 496 3267; x_wconf 68' lang='lat' dir='ltr'>‘cujusdam</span> <span class='ocrx_word' id='word_1_160' title='bbox 521 3167 692 3242; x_wconf 88' lang='lat' dir='ltr'>Graeculi</span> <span class='ocrx_word' id='word_1_161' title='bbox 721 3169 910 3266; x_wconf 84' lang='lat' dir='ltr'>ingenium</span> <span class='ocrx_word' id='word_1_162' title='bbox 938 3168 1071 3263; x_wconf 84' lang='lat' dir='ltr'>refert,</span> <span class='ocrx_word' id='word_1_163' title='bbox 1092 3171 1158 3268; x_wconf 90' lang='lat' dir='ltr'>qui</span> 
     </span>
     <span class='ocr_line' id='line_1_24' title="bbox 19 3273 1157 3374; baseline 0.002 -27"><span class='ocrx_word' id='word_1_164' title='bbox 19 3295 21 3302; x_wconf 85' lang='lat'>&#39;</span> <span class='ocrx_word' id='word_1_165' title='bbox 77 3278 276 3374; x_wconf 86' lang='lat' dir='ltr'>priscorum</span> <span class='ocrx_word' id='word_1_166' title='bbox 298 3279 491 3350; x_wconf 90' lang='lat' dir='ltr'>sententias</span> <span class='ocrx_word' id='word_1_167' title='bbox 512 3289 549 3349; x_wconf 91' lang='lat' dir='ltr'>et</span> <span class='ocrx_word' id='word_1_168' title='bbox 573 3274 703 3374; x_wconf 89' lang='lat' dir='ltr'>placita</span> <span class='ocrx_word' id='word_1_169' title='bbox 725 3277 765 3346; x_wconf 93' lang='lat' dir='ltr'>in</span> <span class='ocrx_word' id='word_1_170' title='bbox 788 3273 959 3347; x_wconf 89' lang='lat' dir='ltr'>formulas</span> <span class='ocrx_word' id='word_1_171' title='bbox 984 3277 1157 3374; x_wconf 90' lang='lat' dir='ltr'>quasdam</span> 
     </span>
     <span class='ocr_line' id='line_1_25' title="bbox 76 3381 1156 3482; baseline 0.003 -29"><span class='ocrx_word' id='word_1_172' title='bbox 76 3383 280 3482; x_wconf 68' lang='lat' dir='ltr'>redigereh:</span> <span class='ocrx_word' id='word_1_173' title='bbox 300 3409 411 3482; x_wconf 93' lang='lat' dir='ltr'>equo</span> <span class='ocrx_word' id='word_1_174' title='bbox 431 3408 562 3482; x_wconf 83' lang='lat' dir='ltr'>genere</span> <span class='ocrx_word' id='word_1_175' title='bbox 582 3384 690 3456; x_wconf 89' lang='lat' dir='ltr'>etiam</span> <span class='ocrx_word' id='word_1_176' title='bbox 706 3381 795 3454; x_wconf 84' lang='lat' dir='ltr'>falso</span> <span class='ocrx_word' id='word_1_177' title='bbox 814 3381 986 3455; x_wconf 89' lang='lat' dir='ltr'>Heracliti</span> <span class='ocrx_word' id='word_1_178' title='bbox 1009 3383 1156 3456; x_wconf 89' lang='lat' dir='ltr'>nomine</span> 
     </span>
     <span class='ocr_line' id='line_1_26' title="bbox 75 3490 1153 3592; baseline -0.002 -27"><span class='ocrx_word' id='word_1_179' title='bbox 75 3493 250 3592; x_wconf 88' lang='lat' dir='ltr'>placitum</span> <span class='ocrx_word' id='word_1_180' title='bbox 263 3494 380 3566; x_wconf 88' lang='lat' dir='ltr'>fertur</span> <span class='ocrx_word' id='word_1_181' title='bbox 392 3493 478 3565; x_wconf 91' lang='lat' dir='ltr'>huic</span> <span class='ocrx_word' id='word_1_182' title='bbox 490 3491 623 3584; x_wconf 83' lang='lat' dir='ltr'>simile,</span> <span class='ocrx_word' id='word_1_183' title='bbox 637 3490 737 3590; x_wconf 85' lang='lat' dir='ltr'>apud</span> <span class='ocrx_word' id='word_1_184' title='bbox 748 3490 942 3565; x_wconf 89' lang='lat' dir='ltr'>Stohaeum</span> <span class='ocrx_word' id='word_1_185' title='bbox 955 3491 993 3563; x_wconf 92' lang='lat' dir='ltr'>II.</span> <span class='ocrx_word' id='word_1_186' title='bbox 1008 3518 1044 3588; x_wconf 90' lang='lat' dir='ltr'>p.</span> <span class='ocrx_word' id='word_1_187' title='bbox 1059 3492 1153 3563; x_wconf 77' lang='lat'>282:</span> 
     </span>
    </p>
   </div>
   <div class='ocr_carea' id='block_1_5' title="bbox 171 3651 1040 3754">
    <p class='ocr_par' dir='ltr' id='par_1_5' title="bbox 171 3651 1040 3754">
     <span class='ocr_line' id='line_1_27' title="bbox 171 3651 1040 3754; baseline -0.006 -28"><span class='ocrx_word' id='word_1_188' title='bbox 171 3651 227 3726; x_wconf 86' lang='grc' dir='ltr'>Ἐκ</span> <span class='ocrx_word' id='word_1_189' title='bbox 251 3667 337 3754; x_wconf 77' lang='grc' dir='ltr'><strong>πυρός</strong></span> <span class='ocrx_word' id='word_1_190' title='bbox 359 3684 393 3752; x_wconf 75' lang='grc' dir='ltr'>γε</span> <span class='ocrx_word' id='word_1_191' title='bbox 415 3662 453 3725; x_wconf 76' lang='grc' dir='ltr'>τὰ</span> <span class='ocrx_word' id='word_1_192' title='bbox 474 3666 568 3725; x_wconf 77' lang='grc' dir='ltr'><strong><em>πάντα</em></strong></span> <span class='ocrx_word' id='word_1_193' title='bbox 591 3660 641 3723; x_wconf 82' lang='grc' dir='ltr'>καὶ</span> <span class='ocrx_word' id='word_1_194' title='bbox 664 3663 703 3733; x_wconf 84' lang='grc' dir='ltr'>εἰς</span> <span class='ocrx_word' id='word_1_195' title='bbox 721 3667 777 3752; x_wconf 78' lang='grc' dir='ltr'>πῦρ</span> <span class='ocrx_word' id='word_1_196' title='bbox 795 3665 893 3725; x_wconf 80' lang='grc' dir='ltr'><em>πάντα</em></span> <span class='ocrx_word' id='word_1_197' title='bbox 911 3653 1040 3741; x_wconf 74' lang='grc' dir='ltr'><strong>τελευτᾷ.</strong></span> 
     </span>
    </p>
   </div>
   <div class='ocr_carea' id='block_1_6' title="bbox 76 3796 1153 3924">
    <p class='ocr_par' dir='ltr' id='par_1_6' title="bbox 76 3796 1153 3924">
     <span class='ocr_line' id='line_1_28' title="bbox 76 3796 1153 3924; baseline -0.004 -22"><span class='ocrx_word' id='word_1_198' title='bbox 76 3827 217 3922; x_wconf 85' lang='lat' dir='ltr'>Quibus</span> <span class='ocrx_word' id='word_1_199' title='bbox 240 3825 437 3900; x_wconf 89' lang='lat' dir='ltr'>rationibus</span> <span class='ocrx_word' id='word_1_200' title='bbox 452 3825 622 3924; x_wconf 88' lang='lat' dir='ltr'>equidem</span> <span class='ocrx_word' id='word_1_201' title='bbox 637 3825 817 3918; x_wconf 85' lang='lat' dir='ltr'>adducor,</span> <span class='ocrx_word' id='word_1_202' title='bbox 829 3796 880 3898; x_wconf 69' lang='lat' dir='ltr'>¹ut</span> <span class='ocrx_word' id='word_1_203' title='bbox 895 3823 963 3896; x_wconf 92' lang='lat' dir='ltr'>hoc</span> <span class='ocrx_word' id='word_1_204' title='bbox 978 3821 1153 3921; x_wconf 89' lang='lat' dir='ltr'>placitum</span> 
     </span>
    </p>
   </div>
   <div class='ocr_carea' id='block_1_7' title="bbox 76 4131 999 4202">
    <p class='ocr_par' dir='ltr' id='par_1_7' title="bbox 76 4131 999 4202">
     <span class='ocr_line' id='line_1_29' title="bbox 76 4131 999 4202; baseline -0.001 -7"><span class='ocrx_word' id='word_1_205' title='bbox 76 4131 155 4196; x_wconf 86' lang='lat' dir='ltr'><strong>VIII.</strong></span> <span class='ocrx_word' id='word_1_206' title='bbox 177 4133 202 4195; x_wconf 84' lang='lat' dir='ltr'>E</span> <span class='ocrx_word' id='word_1_207' title='bbox 220 4147 295 4198; x_wconf 84' lang='lat' dir='ltr'>terra</span> <span class='ocrx_word' id='word_1_208' title='bbox 315 4151 376 4200; x_wconf 87' lang='lat' dir='ltr'>orta</span> <span class='ocrx_word' id='word_1_209' title='bbox 395 4151 461 4200; x_wconf 87' lang='lat' dir='ltr'>sunt</span> <span class='ocrx_word' id='word_1_210' title='bbox 482 4141 574 4202; x_wconf 86' lang='lat' dir='ltr'>omnia</span> <span class='ocrx_word' id='word_1_211' title='bbox 594 4142 672 4200; x_wconf 82' lang='lat' dir='ltr'>etin</span> <span class='ocrx_word' id='word_1_212' title='bbox 691 4150 795 4199; x_wconf 83' lang='lat' dir='ltr'>terram</span> <span class='ocrx_word' id='word_1_213' title='bbox 814 4134 999 4198; x_wconf 82' lang='lat' dir='ltr'>resolventur.</span> 
     </span>
    </p>
   </div>
   <div class='ocr_carea' id='block_1_8' title="bbox 0 0 1426 4884">
    <p class='ocr_par' dir='ltr' id='par_1_8' title="bbox 0 0 1426 4884">
     <span class='ocr_line' id='line_1_30' title="bbox 0 0 1426 4884; baseline 0 4"><span class='ocrx_word' id='word_1_214' title='bbox 0 0 1426 4884; x_wconf 95' lang='lat' dir='ltr'> </span> 
     </span>
    </p>
   </div>
  </div>
 </body>
</html>
