2842 4884
226 407 271 470 36
678 423 874 467 aanormms

225 573 337 674 phani
367 572 524 646 vindicat
553 569 736 643 Fabricius
763 572 808 643 ad
837 571 873 642 h.
906 569 931 641 l.
964 569 1200 668 probantibus
1228 571 1315 648 viris
1415 582 1416 587 ’

224 684 345 757 doctis.
373 681 475 754 Idem
498 691 595 752 certe
621 677 887 775 Xenophanem
916 677 962 751 de
985 679 1062 753 Deo
1092 679 1316 776 praedicasse

223 802 376 864 testatur
405 787 531 861 iisdem
559 813 674 884 paene
708 787 827 860 verbis
851 798 958 859 utens
985 786 1159 884 Diogenes
1179 789 1218 858 L.
1238 786 1313 881 IX,

224 908 308 971 secl.
335 921 379 994 19
402 923 410 967 :
441 897 508 966 ὅλον
522 896 553 965 δὲ
579 897 672 991 ὅρᾷν,
697 900 748 962 καὶ
773 895 835 964 ὅλον
859 899 992 984 ἀκονειν,
1020 935 1070 948 -
1095 900 1252 987 σύμπαντά
1282 923 1317 963 τε

224 1003 297 1076 εἶναι
322 1017 381 1075 νοῦν
416 1008 465 1071 καὶ
494 1011 637 1100 φρόνησιν.
666 1001 755 1072 ilem
795 998 1011 1072 Plutarchus
1044 1002 1143 1098 apud
1179 1002 1315 1074 Euseb.
1416 992 1417 1027 ³

223 1119 351 1213 Praep.
371 1115 440 1184 Eu,
458 1113 493 1204 l,
520 1138 554 1209 p.
588 1109 633 1183 23
658 1137 666 1181 ι
690 1118 800 1182 ἀκούειν
816 1113 848 1181 δὲ
867 1117 918 1180 καί
942 1109 1181 1208 ὅρᾷνααθόλον,
1202 1119 1253 1182 καὶ
1275 1124 1327 1206 μὴ’

224 1232 302 1295 κατὰ
313 1231 404 1320 μέρος.
420 1220 535 1318 quue
548 1244 633 1291 cum
644 1222 742 1290 omni
752 1218 986 1316 Xenophanis
997 1222 1174 1292 sententia
1184 1221 1229 1294 de
1239 1221 1318 1294 Deo

224 1355 422 1429 congruere
439 1355 484 1424 en
505 1329 563 1419 iis,
583 1352 678 1425 quae
697 1328 790 1399 infra
807 1327 852 1400 de
870 1324 1090 1426 philosophia
1106 1331 1185 1422 ejus
1200 1329 1236 1421 Ι,
1252 1324 1278 1427 S
1294 1357 1315 1429 7

224 1439 459 1526 disseremuS,
486 1435 637 1532 patebit.
829 1443 832 1455 '

273 1546 351 1616 Vox
366 1540 462 1632 οὖλος,
480 1541 502 1612 i.
522 1568 553 1613 e.
567 1543 651 1632 ὅλος,
671 1540 779 1613 etiam
805 1568 825 1611 a
846 1539 1059 1614 Parmenide
1077 1566 1110 1615 v.
1130 1539 1175 1640 6ι
1203 1553 1242 1613 et
1266 1567 1317 1641 92

225 1661 399 1748 usurpata
428 1661 479 1721 cst
507 1648 552 1720 ad
578 1647 854 1746 significandum
878 1646 917 1718 id
939 1646 1038 1746 quod
1059 1649 1206 1719 omnino
1230 1675 1320 1746 per-

225 1760 363 1832 feetum
378 1767 415 1828 et
431 1753 639 1827 ahsolutum
659 1765 734 1843 est3
752 1756 875 1852 itaque
890 1753 948 1827 hic
970 1768 1086 1846 notat,
1103 1755 1223 1827 Deum
1243 1782 1319 1830 non

158 1956 164 1971 x
225 1864 348 1964 aliqua
371 1863 428 1934 sui
450 1874 552 1960 parte
579 1861 637 1937 vel
664 1859 786 1959 aliquo
813 1887 942 1954 sensu,
966 1863 1027 1934 sed
1053 1874 1129 1933 tola
1153 1888 1218 1934 sua
1245 1891 1321 1937 na-
1418 1882 1419 1921 ³

226 1987 309 2048 tura
323 1997 488 2062 cernere,
503 1982 591 2042 caet.
609 1969 771 2042 Conferri
784 1981 932 2066 possunt
944 1997 1030 2043 cum
1043 1970 1109 2043 hac
1121 1974 1321 2067 sententia,

227 2103 449 2180 quamquam
463 2102 538 2149 non
551 2074 658 2175 plane
676 2074 805 2146 similia
818 2088 921 2166 sunt,
936 2077 1005 2149 alia
1022 2090 1194 2152 veterum
1215 2105 1322 2176 prae-

226 2188 323 2262 clare
348 2187 394 2257 de
418 2184 493 2256 Deo
517 2183 628 2275 dicta,
654 2182 771 2256 veluti
796 2182 1021 2280 Hippocratis
1035 2184 1132 2258 illud
1150 2212 1158 2256 ε
1179 2187 1269 2256 δοκέει
1286 2189 1325 2256 δέ

227 2327 294 2391 μοι,
317 2297 332 2366 ὅ
355 2296 496 2384 καλέομεν
509 2296 641 2387 θερμὸν,
666 2295 817 2360 ἀθάνατόν
842 2319 874 2360 τε
893 2287 964 2362 εἶναι
987 2297 1038 2361 καὶ
1054 2309 1124 2362 νοεῖν
1148 2303 1245 2362 πάντα
1270 2300 1326 2362 καί

227 2402 295 2500 ὸρῇν
319 2405 370 2470 καῖ
398 2405 508 2469 ἀκούειν
532 2403 582 2466 καὶ
611 2399 716 2469 εἰδέναι
741 2407 838 2468 πάντα
866 2405 903 2467 τοὶ
933 2398 1005 2469 ὅντα
1033 2407 1084 2469 καὶ
1110 2403 1324 2492 τάμελλοντα

226 2512 366 2583 ἔσεσθαι.
385 2505 537 2578 Socratis
548 2507 588 2576 in
607 2505 778 2603 Xenoph.
799 2507 991 2579 Memorah.
1011 2507 1046 2598 1,
1073 2507 1107 2599 4.
1132 2520 1216 2578 sect.
1249 2508 1321 2578 18:

227 2631 325 2718 γνώσῃ
350 2623 380 2687 τὸ
399 2623 480 2686 θεῖον
506 2615 549 2686 ὅτι
570 2627 692 2684 τοσοῦτον
716 2620 767 2683 καὶ
793 2625 911 2685 τοιοῦτόν
933 2624 1019 2704 έςιν,
1043 2609 1115 2694 0339'
1134 2617 1199 2708 ἅμα
1223 2628 1324 2688 πάντα

227 2726 301 2824 ὁρᾷν
324 2729 374 2794 καὶ
394 2734 493 2795 πάντα
510 2727 628 2809 ιοἰοιοιλειν
651 2727 702 2790 καὶ
724 2734 874 2813 πανταχοῦ
890 2741 1025 2819 παρεῖναι
1043 2730 1095 2792 καὶ
1118 2723 1185 2814 οἵμα
1201 2734 1322 2794 πάντων

227 2836 457 2932 ἐπιμελεῖσθαι.Ι
473 2828 637 2901 Proxime
662 2853 748 2906 vero
774 2828 819 2900 ad
844 2827 1079 2925 Xenophanis
1102 2829 1323 2903 sententiam

230 2940 407 3012 accedunt
432 2937 541 3013 verba
564 2935 670 3007 Plinii
697 2935 787 3006 Hist.
805 2935 882 3006 Nat.
898 2935 952 3026 ΙΙ,
967 2933 1001 3004 5.
1022 2935 1164 3032 Bipont.
1181 2935 1325 3028 «Quis-

231 3049 312 3146 quis
329 3061 383 3121 est
400 3047 508 3135 Deus,
535 3056 700 3115 —totus
726 3055 778 3115 est
801 3068 943 3128 sensus,
967 3054 1066 3114 totus
1093 3043 1203 3134 visus,
1222 3056 1323 3118 totus

231 3155 394 3242 auditus,
412 3165 508 3223 totns
524 3153 688 3240 animae,
710 3162 808 3220 totus
829 3149 962 3239 animi,
981 3160 1079 3220 totus
1099 3151 1203 3220 sui.»
1222 3150 1325 3223 Her·

232 3261 320 3333 mias
337 3261 376 3330 in
392 3257 548 3329 Platonis
566 3255 774 3327 Phaedrum
793 3279 829 3349 p.
849 3252 907 3351 59.
931 3253 1008 3325 Ast.
1037 3255 1095 3352 (τὸ
1113 3263 1193 3326 θετον
1215 3257 1326 3357 γένος)

229 3369 293 3440 ὅλον
317 3361 353 3437 δι’
378 3365 439 3436 ὅλον
455 3369 516 3434 ἐστὶ
537 3367 676 3456 γνωςικὸν
693 3366 744 3429 καὶ
773 3359 836 3431 ὅλον
852 3360 916 3452 ’ὄψις
931 3368 978 3444 έςί
1000 3367 1050 3430 καὶ
1081 3362 1143 3434 ὅλον
1166 3374 1252 3453 ἀκοὴ,
1271 3407 1324 3420 —-

232 3483 284 3547 καὶ
311 3486 410 3567 ἡμῶν,
438 3469 514 3564 perit
542 3481 593 3554 τὴν
622 3473 798 3564 ἀπαλλαγὴν
823 3481 868 3538 τοῦ
886 3479 1017 3562 σώματος
1031 3476 1138 3560 τούτον,
1152 3472 1321 3564 τὸὸχημα,

232 3585 363 3679 λαμπρὸν
382 3578 414 3649 ὅν
433 3583 483 3646 καὶ
498 3583 654 3675 καθαρὸν,
675 3578 740 3648 ὅλον
753 3570 792 3647 δι’
814 3574 877 3646 ὅλον
894 3581 956 3659 έςέν
979 3583 1153 3658 αἰσθητικὸν
1173 3584 1324 3652 καὶκατὰ

232 3707 289 3764 πᾶν
306 3691 363 3787 ὁρᾷ
375 3693 425 3758 καὶ
435 3694 513 3757 κατὰ
528 3703 586 3757 πᾶν
604 3692 708 3757 ἀκούει.
727 3685 897 3758 Irenaeus
911 3682 1009 3783 apud
1025 3686 1203 3784 Epiphan.
1222 3687 1324 3761 Hae-

234 3824 300 3869 res
328 3794 374 3867 33
403 3822 410 3866 :
433 3795 493 3872 ὅλος
512 3793 605 3863 ἔννοια
630 3790 687 3884 cir,
706 3795 768 3872 ὅλος
790 3797 926 3886 θέλημα,
946 3793 1007 3872 ὅλος
1026 3806 1101 3885 νοῦς,
1123 3795 1186 3874 ὅλος
1200 3799 1324 3894 ὀφθαλ-

233 3911 307 3998 μὸς,
330 3904 392 3980 ὅλος
416 3912 508 3988 ἀκοὴ,
524 3901 589 3979 ὅλος
610 3912 688 3995 πήρη
709 3913 825 3971 πάντων
843 3908 979 3995 ἀμαθῶν.
1008 3900 1163 3998 Cyrillus
1189 3902 1324 3976 Hiero-

234 4010 297 4083 sol.
322 4008 464 4080 Calech.
487 4007 553 4098 Vl,
579 4032 615 4104 p.
642 4007 689 4076 82
710 4033 718 4077 :
740 4010 788 4076 οὐκ
806 4015 836 4077 ἐν
855 4015 938 4102 μέρει
962 4009 1101 4097 βλέπων,
1125 4017 1156 4080 έν
1181 4019 1262 4106 μέρει
1288 4013 1324 4081 δὲ

235 4133 280 4192 τοῦ
299 4121 419 4207 βλέπειν
444 4121 676 4212 άπεςερημένος,
703 4109 767 4185 ἀλλ’
789 4115 850 4194 ὅλος
873 4115 914 4186 ὧν
929 4120 1079 4214 ὀφθαλμὸς
1102 4124 1154 4187 καὶ
1168 4117 1231 4196 ὅλος
1249 4127 1324 4202 ἀκοὴ
