2842 4884
263 417 308 482 46
710 435 903 479 xnnornanrs

263 621 348 674 cum
361 597 546 673 Meinersio
571 598 586 698 (
595 598 683 670 Hist.
698 598 881 672 doctrinae
891 597 936 671 de
949 622 1034 673 vero
1048 592 1125 670 Deo
1140 620 1176 698 p.
1196 596 1293 698 327)
1309 609 1346 671 et

153 745 158 755 ·
265 709 428 782 Heereno
443 708 456 806 (
469 706 513 780 ad
526 706 721 780 Stobaeum
735 707 759 778 l.
776 707 800 778 l.
815 709 830 802 )
847 707 1063 800 existimem,
1081 705 1166 780 fatso
1185 733 1258 781 esse
1276 707 1346 780 Xe

263 816 422 916 nophani
435 815 625 888 tributum.
637 803 824 888 ⁸Fabricius
843 815 888 888 ad
901 817 1054 888 Sextum
1068 816 1205 914 Empir.
1220 841 1255 912 p.
1270 812 1346 886 685

264 953 349 1000 cum
360 925 427 998 boc
443 949 550 998 versu
562 937 746 1022 comparat
758 923 881 996 nobile
895 924 989 998 illud
1005 924 1044 996 in
1057 920 1276 1014 Genesim,
1301 949 1346 1022 19

263 1033 402 1105 dictum
431 1031 475 1104 ad
500 1030 684 1103 Adamum
708 1058 717 1103 t
740 1049 777 1127 γῆ
803 1028 833 1102 εἴ
853 1038 904 1102 καὶ
925 1041 965 1110 εἰς
985 1049 1039 1127 γῆν
1060 1037 1213 1126 ἀπελεὺσῃ.
1238 1031 1346 1125 Quod

264 1151 385 1212 tamen
409 1138 455 1211 ab
479 1138 591 1233 hujus
615 1137 738 1236 placiti
763 1151 887 1213 mente
911 1137 1072 1212 alienum
1094 1151 1158 1212 est.

790 1365 847 1428 IX.

359 1549 474 1625 Πάντες
493 1552 552 1642 γὰρ
581 1553 664 1640 γαίης
681 1571 714 1615 τε
739 1550 791 1613 καὶ
807 1543 909 1622 ὕδατος
932 1549 1148 1637 ἐκγενόμεσθα.
1161 1537 1171 1584 f

263 1739 371 1812 Hunc
406 1763 551 1814 versum
587 1733 697 1810 iidem
727 1735 918 1833 proferunt
951 1746 1113 1808 auctores
1131 1732 1170 1805 ll.
1190 1761 1241 1807 oe.
1262 1734 1344 1807 Sex-

263 1867 323 1930 tus
346 1854 458 1934 altero
480 1854 568 1928 item
586 1851 662 1926 loco
678 1850 758 1928 adv.
773 1851 940 1924 Mathem.
958 1850 1028 1944 IX,
1051 1847 1134 1922 361.
1163 1851 1252 1923 item
1274 1851 1345 1923 Eu·

263 1963 414 2035 stathius
431 1962 483 2055 *ad
505 1960 549 2034 11.
575 1995 603 2045 η.
630 1985 690 2062 99.
717 1985 752 2057 p.
780 1957 876 2047 668,
902 1957 927 2028 l.
951 1954 1012 2030 60.
1037 1956 1119 2050 Quo
1145 1956 1345 2030 testimonio

263 2075 386 2142 contra
417 2069 569 2168 probare
598 2068 819 2157 studebant,
844 2063 1107 2164 Xenophanem
1131 2089 1204 2136 non
1227 2091 1345 2138 unum

239 2175 325 2248 'sed
349 2175 424 2248 duo
449 2177 570 2250 secisse
599 2203 724 2250 rerum
750 2174 954 2264 elementa,
980 2186 1112 2246 terram
1141 2185 1178 2246 et
1206 2199 1344 2269 aquom.

262 2282 472 2380 Meinersius
489 2283 513 2354 l.
525 2282 550 2355 l.
569 2283 669 2358 hunc
687 2308 835 2358 versum
851 2306 967 2380 aeque
985 2308 1025 2352 ac
1043 2281 1266 2378 superiorem
1287 2281 1344 2352 fio·

262 2401 346 2462 tum
373 2401 501 2488 putat3
524 2403 560 2465 at
584 2391 751 2489 quamvis
771 2391 882 2462 fidem
905 2391 986 2482 ejus
1006 2400 1186 2485 praestare
1211 2385 1344 2476 nolim,

264 2509 387 2570 tamen
411 2496 533 2593 placiti
556 2497 669 2593 hujus
697 2499 949 2574 auctoritatem
974 2495 1103 2592 probat
1126 2495 1202 2592 ipse
1219 2495 1345 2566 Sextus

262 2605 399 2702 Empir.
413 2604 585 2703 Pyrrhon.
597 2605 649 2696 II,
662 2617 746 2678 sect.
761 2603 821 2696 30,
838 2629 957 2701 quum
967 2602 1219 2676 indubitanter
1231 2601 1339 2689 dicat,

135 2769 141 2780 .
262 2713 522 2812 Xenophanem
563 2713 634 2786 duo
661 2713 750 2788 haec
787 2737 912 2786 rerum
948 2709 1127 2784 elementa
1161 2710 1344 2800 statuisse3

261 2820 393 2894 deinde
411 2821 459 2906 in
488 2820 572 2918 ipsis
596 2820 715 2896 verbis
740 2847 815 2893 non
840 2819 934 2893 inest
962 2830 1129 2917 apertum
1153 2813 1344 2915 interpola-

262 2928 347 2998 toris
381 2928 595 3028 vestigium3
631 2941 890 3028 argumentum
921 2952 1006 3002 vero
1048 2924 1205 2999 concinit
1239 2923 1345 2996 etiam

263 3060 349 3109 oum
376 3036 543 3135 sequenti
567 3063 675 3113 versu
696 3064 704 3109 :

781 3237 825 3300 X.

363 3424 408 3506 Γῆ
435 3427 485 3492 καὶ
511 3419 589 3518 ὕδωρ
614 3417 707 3493 πάνθ’
729 3421 803 3494 ’ὄσσα
832 3433 956 3518 prirentur
983 3425 1035 3504 ἡδὲ
1064 3430 1188 3524 φύονται.

264 3647 384 3741 Quem
412 3668 557 3721 versum
589 3645 740 3720 laudant
766 3645 972 3744 Simplicius
994 3658 1032 3721 et
1052 3647 1207 3739 Joannes
1231 3641 1341 3716 Philo-

170 3805 173 3811 ·
264 3779 397 3852 ponus,
411 3765 568 3854 uterque
579 3754 729 3854 quidem
742 3754 932 3861 Porphyrii
946 3779 1034 3828 usus
1047 3755 1274 3849 auctoritate3
1284 3747 1342 3823 sed

646 3935 970 3955 ——an—-u--n-

267 4043 469 4126 lXoNamque
489 4067 507 4108 e
525 4059 601 4107 terra
619 4057 647 4106 et
667 4066 737 4126 aqua
758 4065 853 4106 omnes
873 4045 929 4105 orti
949 4064 1054 4105 sumus.
1161 4041 1168 4049 “

266 4161 307 4223 Χ.
329 4161 416 4222 Terra
434 4175 463 4222 et
483 4183 553 4243 aqua
571 4176 636 4224 sunt
655 4163 748 4224 omnia
758 4209 768 4241 ,
786 4183 857 4243 quae
875 4161 948 4222 fiunt
968 4173 996 4222 et
1016 4173 1181 4223 nascuntur.
