2842 4884
501 405 716 451 ruinosoanu.
1076 392 1140 457 177

97 559 288 633 Nimirum
303 569 379 628 orta
392 552 538 647 ridetur
553 556 641 631 haee
651 558 773 655 opinio
786 560 1023 655 posteriorum
1031 563 1140 662 scrip-

49 679 176 739 torum
213 661 549 759 interpretatione,
586 664 651 759 qui
682 689 728 735 ex
763 666 886 738 aetatis
918 692 1004 741 suae
1035 668 1141 741 ratio

49 772 160 845 nibus
192 770 395 869 priscorum
434 768 616 865 opiniones
646 769 951 867 interpretantes,
982 786 1143 848 mentem

49 905 182 953 eorum
213 886 483 975 perverterunt.
512 875 704 947 Memorato
722 902 843 974 supra
865 879 966 953 nobis
988 892 1042 953 est
1069 878 1143 955 Xe-

49 987 236 1084 nophanis
264 983 439 1056 sententia
465 1006 538 1079 qua
566 982 749 1075 censebat,
774 995 924 1059 naturae
946 1012 1144 1087 rerumque

51 1094 228 1165 omnium
268 1089 546 1161 fundamentum
581 1086 751 1161 tellurem
794 1113 868 1160 non
896 1106 1072 1190 perpetuo
1105 1095 1144 1166 in

53 1197 187 1271 eodem
219 1206 314 1267 statu
343 1218 628 1294 permansuram,
657 1194 719 1265 sed
756 1192 945 1292 paullatim
983 1199 1145 1274 desiden-

53 1317 131 1379 tem
179 1304 329 1376 tandem
375 1301 553 1401 profundo
582 1301 808 1374 submersum
837 1302 905 1395 iri,
943 1314 981 1376 et
1012 1316 1146 1379 terram

53 1411 322 1509 mundumque
357 1434 503 1483 omnem
529 1405 791 1505 collapsurum,
826 1420 907 1481 tum
937 1408 1021 1484 vero
1054 1436 1147 1484 ean-

54 1521 139 1595 dem
171 1518 278 1619 aquis
304 1518 424 1593 denuo
453 1542 632 1590 emersum
673 1517 747 1610 iri,
784 1529 893 1616 atque
921 1519 972 1591 ita
1009 1545 1148 1595 novum

55 1652 188 1700 rerum
215 1625 437 1722 principium
463 1623 548 1695 fore.
573 1624 674 1695 Hanc
696 1635 820 1698 autem
843 1635 942 1697 ortus
970 1636 1007 1697 et
1031 1627 1149 1697 inter-

55 1734 130 1805 itus
159 1729 444 1806 vioissitudinem
469 1742 704 1826 perpetuam,
741 1744 851 1828 atque
885 1733 935 1803 ita
962 1731 1150 1803 inlinitum

55 1836 294 1911 mundorum
306 1832 605 1933 saeculorumque
623 1836 786 1909 ordinem
801 1838 878 1909 fore
895 1836 1055 1934 putabat.
1078 1837 1150 1909 Has
1229 1857 1233 1865 '

55 1968 162 2042 ergo,
187 1951 347 2013 mutatas
382 1951 533 2012 naturae
577 1941 707 2013 formas
748 1952 853 2035 κόσμυς
889 1940 1149 2040 appellaverit,

59 2076 136 2149 quo
159 2034 276 2120 sensu
287 2068 419 2120 nomen
445 2044 539 2119 illud
561 2060 778 2152 usurpatum
802 2059 889 2121 esta
913 2047 1113 2141 veteribus,
1126 2047 1151 2098 ⁸⁷

62 2155 279 2255 posteriores
305 2179 389 2228 vero
402 2153 487 2226 inde
508 2152 712 2227 effinxerint
736 2155 915 2227 infinitam
931 2154 1152 2227 mundorum

66 2261 365 2351 multitudinem,
392 2259 516 2333 eodem
539 2261 645 2334 modo
669 2286 765 2360 quo,
791 2274 835 2343 ut
864 2262 1030 2359 superius
1055 2260 1153 2335 vidi-

68 2395 185 2460 mus,
219 2378 365 2465 propter
408 2378 621 2463 perpetuam
653 2368 734 2441 solis
764 2367 947 2467 lunaeque
975 2369 1153 2443 vicissitu-

68 2476 197 2549 dinem
216 2485 253 2546 et
272 2472 363 2545 lucis
386 2475 670 2564 renovationem,
688 2473 821 2547 multos
849 2474 938 2546 soles
948 2474 1153 2571 multasque

73 2582 185 2655 lunas
200 2580 234 2651 ei
251 2578 462 2651 tribuerunt
485 2576 520 2647 ⁸⁸.
548 2578 672 2675 Neque
698 2592 838 2651 nostrae
867 2577 1156 2674 interpretationi

72 2688 190 2761 obstat
228 2685 401 2781 Diogenes
432 2682 619 2771 Laertius,
649 2683 695 2774 si,
713 2696 757 2756 ut
789 2682 879 2753 mihi
904 2681 1155 2779 corrigendum

73 2796 246 2883 videtur,
278 2791 437 2891 legamus
460 2816 546 2863 eum
578 2792 741 2863 statuisse
778 2799 895 2883 κόσμως
924 2797 1072 2885 dream,
1105 2792 1154 2858 oia

80 2904 322 2999 ἀπαραλλάκτως
357 2900 410 2989 δέ,
445 2898 588 2976 mundos
620 2900 776 2993 infinitos
815 2897 953 2993 quidem
985 2920 1130 2967 numero
1139 2948 1155 2983 ,

79 3013 140 3085 aad
164 3008 289 3083 ordine
324 3020 358 3079 et
379 3008 495 3101 [ἴθυνα
527 3006 707 3079 mutabiles
727 3005 762 3077 ⁸⁹.
798 3002 900 3097 Quae
928 3002 1156 3101 Xenophanis

117 3196 182 3278 (87)
204 3192 386 3277 Empedocles
400 3215 441 3257 vs.
458 3216 497 3277 97
523 3219 529 3252 :

206 3322 309 3387 ἕλλοτι
325 3322 376 3402 ,uir
395 3321 524 3398 φιλὸτητι
544 3324 718 3405 συνιρχᾶμιν’
739 3328 774 3384 sis
796 3318 842 3385 int
861 3323 962 3387 niem»
1040 3382 1045 3395 ,

207 3415 314 3477 inuare
334 3408 414 3475 d'aed
433 3411 504 3491 dlx’
524 3408 613 3479 inacus
632 3432 697 3474 κτλ.

83 3525 190 3589 Eodem
210 3549 292 3588 sensu
317 3528 438 3590 occurrit
459 3528 489 3586 in
511 3526 573 3587 loco
594 3528 721 3607 Origenis
739 3548 821 3606 quem
839 3525 1159 3611 moxexplioabo.1to‘0··

85 3642 135 3693 poc
163 3618 314 3700 respondet
336 3617 471 3678 vocabulo
498 3616 587 3691 τάξις.
616 3617 709 3677 Serius
734 3616 845 3677 demum
867 3618 988 3677 Socratis
1012 3628 1102 3675 aetate
1121 3616 1159 3677 ad

86 3708 221 3770 mundum
241 3708 400 3770 universum
419 3706 583 3768 translatum
601 3719 651 3769 est.
671 3698 738 3767 Vid.
751 3706 922 3789 Xenophon.
942 3708 1059 3767 Memor.
1077 3707 1107 3782 I,
1127 3728 1159 3784 1,

92 3818 136 3858 rr.
158 3800 196 3861 cf.
218 3800 304 3859 Carus
327 3796 362 3857 de
386 3799 510 3877 Anaxag.
535 3798 778 3879 cosmo-Theolog.
803 3801 834 3858 in
856 3796 942 3857 Idein
963 3817 986 3854 z.
1007 3795 1107 3856 Gesoh.
1128 3796 1159 3857 d.

91 3886 191 3949 Philos.
210 3910 238 3971 p.
261 3890 318 3971 737
337 3900 395 3948 not.
619 3967 622 3973 Ι

132 3996 197 4078 (88)
217 3995 291 4056 Vide
312 3994 437 4079 superius
457 4016 485 4076 p.
507 3994 571 4077 167.

132 4102 195 4185 (89)
217 4103 332 4181 Diogen.
359 4104 451 4165 laert.
477 4100 545 4179 IX,
575 4122 618 4183 19.
647 4101 696 4161 ubi
719 4097 803 4177 vulgo
827 4098 866 4157 sio
892 4096 992 4177 legitur
1015 4121 1023 4156 :
1044 4099 1159 4187 alapres

192 4202 219 4271 I.
971 4195 1013 4266 13
