2842 4884
287 362 332 428 96
697 385 736 430 ns
759 385 951 430 auroramrs

285 533 382 634 quod
410 535 583 635 placitum
608 562 628 606 a
654 535 779 610 multis
820 561 968 637 quoque
995 537 1214 637 philosophis
1249 539 1360 612 adsci-

193 737 194 742 ἵ
285 655 427 717 tumet
471 669 490 714 a
532 640 657 714 Stoicis
691 643 899 742 praesertim
934 643 1101 716 subtilius
1135 644 1362 743 disputatum

283 761 346 822 est.
372 751 632 821 Verumtamen
655 773 746 820 num
754 748 857 846 idem
878 749 1112 847 Xenophanes
1128 751 1274 823 senserit
1296 752 1362 849 qui

282 856 322 926 in
350 854 474 951 primis
502 867 662 927 mentem
688 879 855 926 ererum
885 855 1182 953 contemplatione
1214 877 1362 931 avocare

286 959 465 1050 instituit,
493 961 621 1032 merito
649 959 891 1034 dubitandum
925 973 994 1053 est3
1022 986 1143 1059 neque
1163 962 1363 1035 Aristotelis

281 1068 441 1165 opinioni
465 1067 571 1140 nimis
595 1081 737 1167 oportet
758 1069 957 1160 confidere,
992 1071 1076 1167 quia
1114 1070 1173 1142 hio
1212 1072 1252 1141 in
1299 1098 1362 1143 an-

281 1175 468 1273 tiquorum
504 1173 642 1272 placitis
683 1175 960 1273 interpretandis
996 1176 1137 1273 saepius
1169 1175 1363 1248 halucina-

282 1292 345 1352 tur
356 1293 383 1374 ⁷,
408 1281 498 1378 quin
516 1282 623 1354 etiam
648 1281 867 1354 Parmenidis
886 1283 1059 1356 rationem
1078 1289 1142 1379 περὶ
1160 1283 1293 1362 ratione
1313 1284 1362 1354 si-

280 1386 362 1460 mili
386 1390 683 1487 interpretatione
710 1391 917 1489 depravasse
946 1391 1109 1486 videtur,
1123 1403 1167 1465 ut
1189 1390 1258 1463 alio
1281 1391 1362 1466 loco

279 1523 301 1570 a
325 1495 429 1570 nobis
451 1495 673 1570 ostendetur.

328 1697 408 1769 Jam
424 1693 649 1795 reliquorum
663 1697 877 1794 scriptorum
892 1696 1094 1770 testimonia
1107 1696 1136 1767 si
1152 1695 1359 1789 audiamus,

276 1805 411 1876 horum
432 1802 598 1902 plerique
620 1828 737 1901 quum
761 1806 839 1898 ejus
861 1801 990 1901 placita
1010 1799 1068 1878 vel
1091 1800 1185 1872 fama
1207 1804 1360 1900 accepis·

278 1922 359 1984 sent
388 1909 446 1985 vel
470 1909 568 2008 apud
592 1909 677 1983 alios
706 1919 979 1983 commemorata
1005 1905 1196 2006 legissent,
1222 1932 1264 1980 ea
1298 1934 1359 2005 pa-

277 2040 363 2089 rum
385 2015 574 2113 diligenter
594 2029 632 2089 et
648 2014 819 2113 ¹explicite
836 2013 1065 2107 retulerunt,
1090 2011 1197 2085 multi
1224 2013 1360 2105 etiam,

278 2121 412 2218 quihus
436 2122 614 2194 sentiendi
635 2122 883 2220 cogitandique
908 2120 1027 2217 aliqua
1046 2131 1219 2216 tanquam
1236 2143 1361 2192 neces-

280 2226 398 2300 situdo
423 2252 509 2299 oum
531 2227 758 2323 Xenophane
784 2240 891 2318 esset,
909 2251 993 2299 cum
1018 2225 1117 2299 illius
1137 2224 1275 2322 placitis
1292 2252 1361 2298 sua

278 2332 547 2425 conluderunt,
571 2345 614 2405 ut
639 2333 825 2430 lllegarioi,
852 2333 1082 2430 Pyrrhonioi,
1107 2333 1237 2423 Stoici,
1262 2332 1362 2406 mul·

277 2453 388 2538 toque
406 2441 514 2512 etiam
531 2441 760 2536 posteriores,
777 2462 934 2536 quorum
950 2439 1057 2534 operd
1071 2437 1213 2510 dubites
1229 2451 1361 2512 utrum

276 2544 453 2618 illustrata
493 2549 604 2644 magis
631 2571 677 2616 an
709 2547 893 2618 obscurata
919 2543 964 2613 sit
993 2542 1194 2639 antiquitas.
1217 2544 1272 2614 Ex
1304 2545 1361 2616 his

274 2653 387 2753 igitur
414 2653 570 2728 tenebris
600 2652 828 2751 Xenophanis
865 2651 1041 2724 sententia
1072 2653 1279 2744 conjectura
1298 2679 1359 2724 ex·

274 2762 401 2859 plicari
422 2764 481 2839 vix
506 2775 636 2860 posset,
660 2763 729 2833 nisi
752 2759 872 2833 lucem
898 2758 1067 2832 afferrent
1095 2759 1253 2830 duorum
1285 2771 1360 2832 tes-

276 2869 426 2941 timonia
469 2883 658 2942 auctorum
688 2869 754 2966 qui
786 2866 972 2964 diligentia
1008 2876 1045 2936 et
1088 2865 1158 2936 fide
1189 2866 1359 2939 omnihus

275 2975 516 3071 anteponendi
544 2987 640 3048 sunt.
666 2973 835 3047 Alterum
863 2975 903 3043 in
936 2968 1108 3067 Simplicii
1135 2985 1359 3044 commenta-

273 3078 357 3171 riis,
373 3106 467 3178 quae
489 3080 585 3179 sylva
600 3093 651 3154 est
678 3082 808 3154 veteris
833 3077 1094 3178 philosophiae,
1112 3088 1242 3168 exstat,
1263 3078 1359 3150 duc·

274 3181 374 3277 turn,
399 3199 443 3257 ut
471 3187 631 3276 ridetur,
659 3186 836 3286 eperdito
861 3182 1092 3279 Theophrasti
1122 3206 1229 3283 opere
1254 3185 1359 3280 φυςικῇ
1388 3200 1393 3213 ·

185 3296 186 3299 ’
273 3299 369 3388 ἱςορίᾳ
397 3291 593 3390 inscripto,
621 3296 660 3365 in
685 3319 762 3393 quo
789 3291 1035 3389 antiquiorum
1060 3287 1360 3386 philosophorum

273 3399 466 3472 sententias
482 3399 532 3472 ita
557 3398 719 3473 retulisse
743 3399 904 3487 videtur,
930 3408 1072 3469 utnon
1102 3396 1223 3467 minus
1251 3396 1360 3468 inda-

229 3573 234 3579 ,
275 3505 383 3604 gandi
409 3506 573 3578 studium
604 3532 715 3606 quam
744 3506 871 3602 judicii
893 3504 1135 3600 integritatem
1164 3501 1363 3600 probaret,

274 3623 427 3719 ejusque
455 3617 548 3694 liber
572 3621 650 3695 lons
674 3631 792 3713 esset,
822 3616 922 3692 unde
950 3617 1160 3717 posteriores
1189 3616 1359 3732 plerique

313 3885 358 3967 (7)
379 3886 524 3948 Assentior
539 3887 581 3948 Cl.
601 3857 792 3950 Codsinioll.
809 3908 838 3969 p.
854 3885 1029 3970 77515⁰⁶¹¹ll=
1045 3908 1061 3942 r>
1078 3886 1123 3944 On
1139 3903 1175 3944 ne
1190 3885 1297 3943 saurait
1312 3903 1358 3943 ac-

273 3981 373 4043 corder
387 3996 452 4068 trop
469 3985 505 4047 de
520 3985 662 4047 oonfiance
676 3986 693 4044 t
708 3988 846 4056 Aristote,
862 3986 982 4065 quinon
999 3983 1150 4044 seulement
1166 3995 1302 4064 rapporte
1318 3983 1357 4042 les

272 4081 402 4163 opinions
411 4083 447 4145 de
454 4083 642 4168 Xenophane,
649 4083 719 4146 mais
726 4082 961 4165 eudereloppeet
969 4093 1164 4144 encommente
1172 4079 1213 4141 le's
1220 4081 1354 4142 modis.»
