2842 4884
249 389 294 452 52
314 465 316 472 .
483 373 488 382 ’
696 410 888 453 xnrurnsurs

296 583 345 634 vs.
376 585 404 630 1.
431 566 461 629 τὸ
483 563 537 651 μὲν
561 555 607 629 οὖν
632 563 730 657 σαφὲς.
748 559 866 632 Potest
884 566 914 630 τὸ
929 564 1016 657 σσρὲς
1033 557 1192 635 adverbii
1217 563 1328 638 instar

245 664 391 757 heberi,
420 663 535 740 veluti
564 664 771 761 simpliciter
795 670 883 763 σαφὲς
908 677 1106 763 usurpatur
1132 695 1152 738 a
1177 671 1290 766 poetis
1318 698 1326 742 :

244 770 418 845 articulus
441 772 538 842 enim
552 796 661 868 saepe
680 771 746 845 hoc
766 771 871 842 modo
889 770 1046 860 additur,
1067 784 1111 844 ut
1129 799 1214 845 mox
1232 776 1271 846 in
1292 784 1330 846 τὰ

242 883 370 971 μάλιςα.
396 877 478 980 vie.
504 878 647 950 Fischer
672 879 717 950 ad
741 876 891 950 Weller.
919 877 1109 953 Animadv.
1134 881 1176 972 Ι,
1199 906 1234 977 p.
1254 879 1328 972 334

243 1013 294 1084 sq.
322 986 441 1058 Potest
464 997 586 1059 tamen
617 988 665 1058 sic
693 1011 839 1085 quoque
864 984 1034 1082 explicari
1059 1015 1068 1057 :
1097 993 1127 1056 τὸ
1152 993 1240 1086 σαρὲς
1265 996 1331 1085 περὶ

245 1098 348 1163 τούτων
378 1093 457 1162 δι’σσοι
484 1096 572 1187 λέγω.
598 1134 647 1145 -—
672 1087 761 1187 γένετ’
795 1089 940 1164 exhibet
964 1090 1202 1186 Plutarchus3
1237 1095 1327 1166 Sex-

245 1210 305 1270 tus
322 1211 358 1270 et
375 1198 550 1296 Diogenes
568 1197 695 1295 legunt
718 1201 797 1291 ’ίδεν;
822 1210 859 1269 at
879 1223 965 1270 cum
988 1199 1057 1268 ἰδεῖν
1083 1199 1199 1271 rarius
1220 1201 1326 1297 signi-

225 1305 326 1376 ‘ficet
343 1311 449 1397 scire,
469 1315 505 1376 et
522 1301 706 1376 Plutarchi
730 1303 835 1376 lectio
860 1305 969 1401 magis
994 1305 1206 1376 concinnam
1222 1306 1326 1377 faciat

245 1414 468 1504 orationem,
485 1411 578 1484 hanc
599 1437 662 1511 ego
680 1415 812 1508 recepi.
826 1411 906 1484 Mox
920 1412 1006 1510 Ιᾶσσα
1024 1414 1169 1505 Sextus3
1187 1411 1325 1484 Plutar-

244 1518 332 1591 chus
357 1520 444 1589 ὅσσα.
465 1561 513 1572 -—
533 1517 592 1589 Ad
614 1518 707 1590 hanc
732 1519 948 1591 sententiam
972 1519 1163 1616 respexisse
1187 1517 1326 1591 Aristo-

243 1625 354 1698 telem
370 1636 503 1722 putant
513 1624 614 1697 Ροὸῑ.
635 1652 665 1697 e.
681 1623 728 1695 25
744 1652 752 1696 :
772 1633 842 1704 ἴσως
853 1633 913 1722 γὰρ
923 1625 987 1696 οὔτε
999 1629 1113 1712 ceasia
1128 1628 1199 1696 οὕτω
1218 1629 1324 1720 λέγειν,

217 1727 298 1820 ,οὔτ
323 1737 438 1815 ἀληθῆ·
466 1726 569 1802 ἀλλ’ν
554 1761 681 1826 ετνχεν,
708 1733 806 1830 ὥσπερ
831 1734 1010 1832 Ξενοφάνης,
1029 1737 1059 1804 οδ
1082 1752 1157 1831 σοιρῆ
1183 1737 1271 1826 τάδε;
1284 1747 1326 1807 ut

243 1838 330 1938 legit
354 1840 608 1933 Hermannus3
629 1839 692 1913 sed
716 1838 821 1912 lectio
843 1840 930 1917 haec
958 1866 1030 1912 non
1056 1853 1202 1912 constet.
1230 1840 1326 1912 Con-

245 1948 335 2018 cinit
357 1972 442 2020 vero
465 1972 550 2022 cum
575 1894 630 2018 his
654 1921 879 2044 Empedoclis
903 1947 1078 2019 sententia
1105 1945 1204 2044 apud
1226 1948 1322 2021 Sext.
1406 1980 1407 2021 ι

243 2053 497 2149 Empiricum:
599 2109 605 2124 .

657 2237 688 2300 τὸ
712 2226 739 2300 δ’
755 2229 834 2302 οὖλον
860 2238 1013 2324 ἐπεύχεται
1038 2241 1129 2330 εὑρεῖν

345 2340 453 2416 οὕτως·
480 2332 536 2409 οὔτ’
560 2340 715 2434 ἐπιδερκτὰ
738 2332 800 2408 τάδ’
823 2340 957 2434 ἀνδράσιν
981 2334 1037 2411 οὔτ’
1064 2349 1228 2425 ἐποικονςὰ’

342 2449 406 2519 οὕτε
431 2456 485 2541 νόῳ
509 2451 692 2542 ττεριλητττοί.Ι

246 2620 470 2714 Vid.'sturz.
499 2639 538 2711 in
564 2635 771 2736 Empedoci.
797 2664 832 2736 p.
859 2637 943 2729 488.

294 2859 343 2908 vs.
360 2831 392 2904 3.
408 2841 433 2902 εἰ
444 2838 503 2928 γὰρ
515 2837 613 2901 καὶτὰ
623 2833 757 2923 ροίλιςοι.Ι
769 2827 882 2926 Apud
892 2825 1078 2904 Galenum
1090 2828 1138 2901 sic
1161 2827 1295 2929 legitur
1313 2858 1323 2903 ι
1405 2822 1407 2899 i

344 3032 380 3112 ἢν
403 3042 462 3129 γὰρ
486 3038 535 3100 καὶ
558 3040 595 3102 τοὶ
618 3039 729 3126 μέγιςοι
753 3030 829 3122 τύχῃ
853 3032 1067 3122 τετελεσμένα,
1092 3039 1177 3102 εἰπὼν

345 3143 449 3227 αὐτὸς,
487 3140 562 3232 ὅμως
586 3142 633 3208 οὐκ
658 3135 726 3208 οἶδε·
752 3139 830 3214 δάκος
858 3131 887 3205 δ’
903 3142 949 3208 ε’πί
971 3154 1042 3208 πᾶσι
1068 3148 1209 3210 τέτυκται.

246 3345 363 3420 Etiam
398 3341 567 3439 Origenes
592 3363 666 3437 'pro
702 3344 780 3430 τύχοι
813 3336 922 3410 habet
946 3345 1044 3432 τύχρ;
1069 3340 1131 3413 sed
1153 3351 1190 3414 τὰ
1213 3353 1323 3440 μέγιςα

244 3464 344 3527 certe
368 3449 535 3526 vitiosum
561 3457 638 3536 est,
668 3467 789 3541 neque
818 3441 949 3517 Galeni
972 3445 1218 3544 interpunctio
1242 3451 1321 3526 vul-

138 3616 141 3622 .
247 3571 348 3659 gatae
365 3550 626 3651 anteponenda.
653 3593 701 3604 -
725 3556 762 3620 τὰ
776 3553 891 3640 μάλιςα
906 3574 970 3647 pro
985 3551 1153 3625 adverbio
1166 3557 1322 3651 positum
1404 3544 1406 3627 i

246 3678 299 3740 est
315 3675 359 3737 ut
378 3660 530 3761 simplex
550 3662 674 3751 ράλιςα.
700 3697 749 3710 ·-
773 3657 971 3749 τετελεσμένον
988 3656 1141 3732 verbum
1160 3661 1322 3739 Homeri-

248 3799 361 3847 cum:
388 3770 460 3846 vid.
488 3767 531 3841 lt.
559 3797 590 3836 α.
618 3789 715 3857 212,
746 3766 775 3846 ξ.
807 3765 886 3861 195.
918 3763 984 3839 Od.
1014 3795 1039 3836 ε.
1065 3791 1125 3863 9⁰·
1139 3768 1323 3866 Apollonii

246 3879 330 3952 Lex.
351 3904 386 3975 p.
405 3873 490 3968 643.
511 3872 568 3948 ed.
585 3868 699 3942 Tollit.
723 3868 907 3943 Sententia
923 3871 1011 3944 haec
1027 3871 1204 3947 celebrata
1221 3904 1321 3975 prae-

247 3985 370 4058 sertim
398 3994 451 4054 est
474 4007 495 4052 a
519 3976 688 4074 Scepticis
700 4027 711 4066 ,
745 4001 903 4073 quorum
926 3977 1019 4051 dicta
1045 3977 1168 4052 laudat
1193 3983 1322 4060 Sextus

245 4095 352 4190 Emp.
364 4089 467 4181 VIII,
487 4085 571 4180 325,
585 4086 658 4164 vim
678 4084 790 4177 hujus
801 4082 924 4181 placiti
937 4088 1077 4184 egregie
1089 4085 1316 4164 illustrantia.
