2842 4884
543 435 758 481 rrntosornu.
1132 422 1190 486 191

113 596 202 665 nino
228 591 302 666 ulla
333 592 371 661 in
400 614 439 663 re
466 592 546 663 sciri
572 618 672 690 posse
700 621 708 664 ι
736 596 824 687 μηδὲν
848 592 923 665 εἶναι
952 603 1135 680 καταληπτὸν
1162 611 1191 672 ἐν

112 704 252 799 vipoun
278 716 333 769 τῶν
359 708 555 789 ζητωμένων,
583 711 627 771 ut
652 713 825 773 memorat
850 702 988 776 Sextus.
1010 705 1112 779 Idem
1135 720 1192 779 ta-

111 832 200 880 men
223 804 292 877 alio
322 803 397 875 loco
422 804 523 895 dicit,
539 804 811 903 Xenophanem,
830 832 923 903 quae
946 809 991 882 de
1007 810 1082 881 Deo
1105 813 1192 883 exis-

110 919 237 1007 timat,
265 916 354 1000 sine,
371 913 595 988 dubitatione
626 918 785 1012 proferre
809 915 1047 1015 (δογματίζειν)
1073 930 1106 991 ¹¹.
1136 923 1193 993 Si-

109 1022 246 1095 militer
281 1018 442 1093 Galenus
477 1032 511 1090 ¹².
551 1024 710 1121 Ξενοφάνην
753 1028 817 1119 περὶ
848 1034 963 1093 πάντων
1003 1032 1192 1130 inspiratu,

108 1133 327 1225 dcyparr'casta
355 1131 386 1201 δὲ
415 1139 497 1221 μόνον
522 1136 553 1199 τὸ
576 1129 647 1200 εἶναι
675 1143 770 1202 πάντα
794 1129 850 1218 ἕν,
874 1138 922 1201 καὶ
950 1146 1024 1202 τοῦτο
1055 1142 1192 1231 ὑπάρχειν

108 1245 184 1308 θεόν
202 1236 236 1308 ¹³.
257 1235 445 1309 Probabile
464 1236 611 1334 quidem
628 1250 682 1311 est
697 1237 960 1335 Xenophanem
976 1240 1016 1310 in
1036 1255 1192 1315 oontem-

108 1343 244 1442 planda
256 1342 376 1415 divina
387 1355 516 1414 natura
527 1344 682 1435 sensisse,
694 1344 787 1417 bane
800 1347 973 1439 majorem
984 1356 1021 1417 et
1034 1347 1193 1442 praecla-

108 1452 243 1523 riorem
260 1476 332 1523 esse
345 1475 454 1548 quam
467 1475 560 1548 quae
574 1452 784 1547 cogitatione
796 1453 904 1548 possit
919 1451 1189 1548 comprehendi,

110 1574 222 1660 atque
251 1558 465 1649 interdum,
497 1582 614 1656 quum
642 1558 750 1632 altius
777 1571 938 1632 mentem
963 1561 1188 1655 intenderet,
1284 1603 1290 1649 ς

108 1669 151 1739 in
183 1666 369 1765 cogitando
395 1663 602 1758 vacillasse,
631 1665 726 1737 illud
748 1692 832 1741 vero
862 1666 960 1738 haud
985 1667 1190 1764 probabile,

109 1797 221 1861 eum,
252 1798 368 1870 quum
399 1770 530 1843 relictis
557 1771 718 1843 sensibus
741 1796 870 1843 novam
901 1772 1077 1869 ingressus
1103 1787 1191 1847 esset

108 1877 383 1978 philosophandi
412 1878 530 1970 riam,
562 1877 654 1950 hanc
684 1878 819 1976 pariter
850 1878 1042 1973 ancipitem
1071 1892 1107 1951 et
1134 1882 1189 1952 in-

106 2000 256 2060 certam.
274 1986 498 2059 existimasse.
530 1985 600 2056 Ista
634 1986 745 2083 igitur
775 1982 952 2057 dubitatio
981 1988 1189 2082 praesertim

106 2094 157 2166 ad
187 2117 310 2166 rerum
339 2104 506 2163 naturam
531 2101 570 2163 et
594 2090 759 2189 vulgares
792 2091 975 2186 opiniones
1000 2092 1188 2165 referenda

106 2211 175 2293 est.
189 2200 246 2270 Sie
262 2196 324 2270 ille
336 2197 516 2270 inchoasse
530 2196 674 2273 videtur
691 2196 789 2295 quod
803 2195 970 2294 deinceps
981 2211 1189 2293 persecutus
1253 2216 1255 2224 '

108 2317 164 2377 est
188 2302 433 2394 Parmenides,
459 2304 523 2401 qui
545 2302 734 2379 veritatem
755 2302 800 2375 ab
818 2303 985 2401 opinione
1006 2305 1190 2378 manifesto

106 2410 283 2483 distinxit.
350 2412 356 2425 '
394 2459 397 2465 ,

150 2678 214 2756 (rr)
236 2675 310 2737 hdr.
332 2672 466 2735 Mathem.
487 2673 562 2745 VII,
583 2685 650 2732 sect.
671 2671 722 2732 52.
744 2670 872 2754 Pyrrhorr
884 2716 893 2747 ,
913 2673 948 2745 I,
970 2676 1040 2733 223.

151 2800 215 2877 (ra)
237 2798 312 2857 Hist.
335 2794 439 2856 Philas.
461 2811 522 2877 cap.
544 2794 597 2853 ΙΙΙ.
619 2816 648 2875 p.
666 2792 716 2871 24.
736 2794 769 2853 F.

150 2922 215 3001 (13)
237 2920 377 2998 Diogenes
396 2918 487 2976 baert.
502 2914 566 2990 IX,
588 2935 643 2988 20,
662 2916 702 2974 sie
719 2914 805 2973 refert
821 2938 829 2973 τ
844 2911 909 2989 φησὶ
932 2913 968 2975 Ν
986 2912 1099 2991 Σοφίαν,
1116 2928 1185 3000 ηε.

10 3013 11 3034 ¹
106 3039 155 3073 τον
176 3008 254 3073 aricii
277 3012 356 3071 ciariis
375 3007 565 3075 inuetitum
586 3003 649 3067 sisar
666 3005 704 3067 ni
722 3005 813 3068 edm
825 3052 832 3080 ,
846 3005 1027 3085 eravimus.
1043 3007 1118 3083 Quid
1132 3010 1186 3071 sibi

11 3097 12 3102 ἵ
104 3104 178 3164 velit
202 3100 278 3162 istud
302 3100 495 3179 κλινάμενος,
520 3098 665 3157 nonsatis
687 3100 891 3179 perspicuum:
914 3101 938 3157 si
958 3100 1081 3159 Sotionis
1108 3120 1185 3162 erro·

11 3211 12 3266 3
105 3214 170 3253 rem
188 3213 304 3273 arguere
323 3192 410 3253 voluit
429 3193 587 3271 Diogenes,
610 3190 746 3250 rationem
766 3200 842 3250 certe
860 3188 1021 3251 addidisset.
1035 3191 1184 3267 Dubitari,

11 3295 12 3302 ’
105 3304 179 3342 num
200 3296 292 3343 ortum
313 3294 384 3341 esset
403 3279 476 3363 illud
498 3276 669 3356 aeaaw‘pmoe
693 3299 728 3339 ex
744 3278 815 3349 unuh
832 3280 911 3357 μένον
930 3292 979 3342 τοῦ
992 3282 1056 3342 ἑνός.
1070 3314 1112 3328 --
1123 3282 1185 3343 Huc

105 3370 254 3432 addendus
276 3372 305 3431 S.
333 3371 525 3452 Epiphanius,
551 3368 616 3429 adv.
641 3372 757 3431 Haeres.
783 3370 815 3429 L.
842 3370 961 3444 111,T.
988 3392 1026 3444 2,
1043 3372 1130 3449 (vot.
1150 3372 1182 3445 1,

106 3482 139 3539 p.
168 3459 279 3542 1087.)
298 3480 353 3539 quo
376 3460 472 3520 libello
492 3458 563 3519 nihil
585 3471 627 3517 est
648 3460 678 3518 in
700 3480 750 3519 suo
771 3479 871 3540 genere
891 3460 1019 3519 vitiosius
1039 3472 1067 3520 et
1087 3460 1184 3519 turba-

106 3551 188 3611 tius:
208 3547 269 3612 cisat
290 3547 327 3610 di
350 3547 387 3610 rai
407 3547 518 3625 colret,
540 3548 573 3608 οἷς
596 3545 669 3627 ion,
688 3546 768 3611 nidis
781 3547 904 3617 dantis·
921 3551 1004 3635 (logi.
1027 3569 1098 3609 corr.
1120 3546 1181 3610 εἶναι

107 3640 143 3701 d.
162 3670 190 3703 r.
212 3640 302 3704 πείνη
322 3637 348 3701 ir
368 3637 438 3716 ion·
461 3639 538 3703 nidis
561 3638 711 3721 ι’ληθῖς.)
736 3637 817 3703 οὕτως
842 3637 873 3701 ri
894 3638 1005 3722 αήινιὲς
1025 3640 1087 3717 η’μῖν
1106 3638 1186 3729 ἔθν-Λ

106 3750 172 3808 nos,
195 3728 338 3801 dienen
361 3729 396 3790 δ”
420 3732 477 3793 ixi
497 3744 583 3795 mter
603 3730 787 3811 viruerat,
810 3731 921 3811 peciam
942 3742 991 3793 τὸν
1012 3730 1143 3817 §gariar-
