2842 4884
529 429 707 486 ancienne.
1114 409 1160 481 75

84 583 223 658 Veteres
247 593 370 656 autem
398 579 536 664 fabulas
563 605 651 655 eum
678 591 866 655 contemtu
895 580 967 655 dici
993 585 1158 676 πλάσματα

84 694 133 759 πῶν
156 690 315 788 προτέρων,
337 687 571 787 Xenophanis
597 689 742 788 ingenio
755 713 958 787 congruum
974 690 1158 784 est5simi-
1223 708 1225 713 '

83 795 159 870 liter
181 798 360 870 Pindarus
382 796 439 868 Ol.
457 796 569 889 1,28.
587 797 643 870 ed.
658 793 808 870 Boeclrh.
829 809 868 868 et
886 791 959 869 alii.

125 953 171 1004 ve.
198 929 258 1020 24.
286 933 364 998 Sedu
379 927 410 999 di
427 933 617 1026 προμηθείην.
633 933 805 1027 Προμηὲείη
823 925 998 1025 (προμηθιη
1018 927 1156 1029 Dind.)

81 1035 326 1108 observantiam
345 1045 383 1108 et
396 1041 629 1108 reverentiam
645 1035 828 1133 significat.
843 1035 1011 1126 Herodet.
1025 1035 1060 1127 Ι,
1076 1036 1124 1107 88
1145 1063 1154 1109 ι

79 1145 164 1240 Κῦρος
179 1149 301 1242 Κροῖσον
312 1153 407 1241 κάρτα
419 1151 449 1215 ἐν
476 1141 570 1238 πολλῇ
587 1149 736 1240 προμηθίη
756 1138 830 1235 εἶχε.
848 1141 892 1213 In
910 1141 978 1215 hac
997 1142 1157 1216 admoni-

80 1249 169 1324 tione
181 1251 276 1326 inest
291 1249 496 1324 fabularum
509 1251 758 1348 reprehensio,
774 1273 868 1349 quae
882 1250 998 1323 multa
1017 1251 1063 1324 de
1082 1252 1158 1324 Diis

80 1351 217 1458 indigna
254 1355 516 1456 praedicabant.
545 1355 718 1429 Similiter
745 1356 922 1429 Pindarus
947 1355 1004 1428 01.
1029 1356 1065 1448 I,
1092 1356 1156 1430 35:
1185 1425 1189 1432 .

78 1459 160 1546 ἕςιδ
177 1465 261 1562 ἀνδρὶ
284 1477 375 1566 φάμεν
389 1472 473 1546 ἐοικὸς
492 1471 563 1564 ἀμφὶ
577 1467 720 1557 δαιμόνων
742 1467 832 1534 καλά.
864 1464 908 1536 cf.
926 1461 983 1534 Ol.
1004 1461 1079 1552 IX,
1096 1463 1154 1555 40.

80 1569 193 1646 Cicero
211 1573 290 1646 Nat.
316 1573 358 1644 D.
385 1573 463 1666 Ill,
498 1571 556 1645 25.
578 1599 599 1644 ιι
624 1571 719 1644 Cum
732 1571 777 1644 de
801 1571 876 1643 uiis
894 1569 1156 1646 immortalibus

80 1675 311 1777 disputamus,
337 1679 498 1760 dicamus
518 1679 624 1780 digna
638 1678 713 1752 Diis
735 1676 1008 1752 immortalibus.
1021 1703 1043 1750 r)

565 1893 668 1962 XXII.

122 2106 329 2184 Athenaeus
351 2111 418 2204 IX,
440 2137 477 2210 p.
491 2109 581 2205 368,
603 2113 634 2184 E
655 2139 663 2186 ι
682 2113 842 2210 Ξενοροὶνης
858 2106 911 2184 δ’ὁ
933 2115 1105 2212 Κολοφώνιος
1124 2116 1154 2180 ἐν

80 2231 126 2293 τοῖς
152 2220 286 2314 ελεγείοις
306 2226 386 2318 φησὶ·

167 2385 294 2474 Πέμψας
317 2389 375 2479 γὰρ
391 2384 487 2464 κωλῆν
511 2381 627 2480 ε’ρίρον,
652 2381 757 2466 Ισκέλος
780 2381 855 2479 η”ραο
880 2401 942 2455 πῖον

216 2493 320 2586 ταύρων
344 2490 457 2585 λαρινοῦ
481 2487 573 2580 τίμιον
599 2489 681 2586 &sept
702 2491 834 2582 λαχεῖν,

166 2605 211 2664 τοῦ
233 2595 313 2673 κλέος
333 2591 465 2665 Ἑλλάδα
486 2612 585 2666 πᾶσαν
609 2596 743 2694 ἀφίξεται
767 2589 823 2666 οὐδ
845 2597 980 2680 ἀπολήξει

214 2700 247 2779 ἔς
270 2693 295 2770 τ’
310 2697 357 2770 «οἲν
383 2701 502 2773 ἀοιδάων
527 2697 545 2797 ᾖ
571 2702 650 2797 γένος
671 2701 856 2772 Ἑλλαδικόν.

77 2831 277 2912 Athenaeus
307 2839 371 2911 hos
399 2863 522 2914 versus
550 2841 636 2911 citat
668 2840 713 2912 ad
741 2838 991 2937 explicandam
1023 2865 1150 2915 vocem

79 2945 190 3036 κωλῆν,
221 2944 334 3018 latine
359 2971 508 3040 pernam
540 2944 597 3018 vel
623 2972 777 3032 coeam,
803 2947 981 3044 docetque
1010 2961 1149 3041 veteres

78 3046 253 3146 duplicem
270 3053 383 3149 hujus
405 3054 559 3126 nominis
576 3053 731 3126 formam
755 3080 965 3152 usurpasse,
982 3061 1100 3142 κωλῆνα
1115 3074 1153 3134 et

78 3159 174 3240 κωλῆν.
191 3160 281 3255 Quis
297 3173 420 3233 autem
436 3186 559 3233 sensus
578 3161 624 3232 sit
646 3161 778 3232 horum
802 3186 975 3235 versuum
996 3189 1070 3237 non
1086 3193 1152 3241 ex·
1173 3223 1179 3234 .

78 3257 192 3357 plicat,
210 3267 273 3340 sed
295 3293 338 3340 ex
361 3269 443 3366 ipsis
470 3267 587 3342 verbis
609 3265 852 3366 colligendum
878 3279 941 3340 est.
967 3269 1070 3364 Quae
1094 3273 1151 3346 hic

79 3385 290 3447 memoratur
314 3379 394 3457 κωλῆ
407 3375 513 3473 έρὶρον,
534 3401 620 3446 coxa
638 3376 801 3466 haedina,
814 3399 890 3445 non
905 3375 1001 3448 inter
1017 3371 1152 3451 delica-

80 3472 175 3550 tiores
197 3506 283 3553 sane
303 3481 411 3578 dapes
434 3481 613 3572 habenda,
641 3494 684 3553 ut
714 3507 787 3553 non
806 3481 941 3553 mirum
961 3482 1152 3556 sit‘Aristo·

434 3660 772 3684 ²·-··-——-——-—--

80 3741 168 3812 XXII.
190 3757 277 3817 Missa
296 3761 369 3819 euim
390 3757 474 3820 hoedi
493 3780 599 3842 perna,
620 3764 750 3844 recepisti
767 3785 829 3824 crus
851 3763 958 3845 pingue

191 3845 271 3908 bovis
289 3851 427 3929 saginati,
446 3849 633 3910 honorificum
652 3855 715 3912 viro
733 3873 857 3912 munus:

193 3937 270 4016 cujus
302 3939 371 3999 facti
391 3938 450 3999 laus
471 3942 627 4001 universam
648 3942 785 4024 pervadet
813 3943 959 4002 Graeciam
980 3962 1068 4022 neque
1087 3965 1147 4004 ces·

1077 4034 1150 4094 sebit

193 4116 323 4194 quamdiu
342 4118 443 4180 Graeci
462 4121 571 4200 generis
592 4125 689 4202 poetae
707 4131 882 4201 supererunt.
