2842 4884
185 498 187 503 Ι
253 406 318 470 134
673 428 712 471 na
735 428 906 470 assusatus

248 573 402 649 solerent
426 574 462 667 ⁶⁴5
481 588 517 647 et
541 598 740 673 quaerens,
771 600 837 646 cur
858 572 965 645 multi
990 573 1147 665 illorum,
1173 576 1212 646 in
1239 575 1329 673 qui·
1406 595 1407 642 ι

247 680 315 755 bus
340 684 448 755 etiam
473 681 707 755 Parmenides
739 695 775 752 ct
798 681 1053 777 Xenophanes,
1083 683 1128 754 de
1166 683 1329 755 veritatis

247 788 426 887 agnitione
460 788 703 877 dubitassent,
744 788 836 860 hanc
872 790 1045 860 rationem
1086 789 1189 861 affert
1232 817 1240 861 :
1279 800 1330 859 αἴ-

246 924 302 965 τιον
326 897 357 965 δὲ
389 914 438 978 τῆς
462 898 547 979 δόξης
570 901 694 985 τούτοις,
719 896 767 966 ἔτι
790 902 856 992 περὶ
885 913 940 964 τῶν
965 895 1054 965 ὄντων
1084 901 1138 989 μὲν
1166 908 1218 980 τὴν
1248 902 1331 977 ἁλή-
1407 901 1408 976 l

248 1009 336 1071 θειαν
360 1011 514 1090 έοκοτοοῦιι,
532 1012 578 1073 ,τὰ
603 1004 634 1072 δὲ
662 1003 733 1073 ὄντα
766 1005 909 1093 incitabor
941 1000 1012 1072 εἶναι
1043 1011 1091 1073 τὰ
1127 1011 1334 1085 αἰσθητοὶ

208 1170 211 1177 .
247 1116 348 1199 μόνον·
378 1116 408 1179 ἐν
436 1111 470 1179 δὲ
494 1115 594 1187 τούτοις
615 1112 705 1192 πολλὴ
737 1121 759 1190 ἡ
787 1122 832 1179 τοῦ
863 1117 972 1204 &opti-or
993 1117 1074 1205 φύσις
1103 1117 1257 1205 ἐνυπάρχει
1287 1109 1326 1181 ⁶⁵.
1407 1101 1408 1104 ¹

247 1212 315 1287 Ille
352 1214 463 1315 igitur
498 1214 737 1288 Eleaticorurn
769 1227 806 1287 et
840 1215 1069 1313 Xenophanis
1104 1218 1330 1313 principium

248 1346 451 1417 corpoream
475 1323 737 1419 interpretatur
764 1334 954 1413 naturam,
988 1323 1081 1394 hanc
1109 1335 1232 1394 autem
1265 1349 1331 1394 na-

250 1438 370 1499 turam
407 1427 551 1526 qualem
595 1416 770 1526 intelligat
799 1426 1050 1523 explicandum
1079 1440 1142 1501 est.
1168 1430 1245 1499 Non
1272 1430 1331 1499 in-

247 1532 388 1607 tellexit
416 1559 500 1607 sane
525 1559 680 1606 crassum
709 1533 803 1605 illud
831 1548 868 1605 et
896 1548 1106 1606 concretum
1135 1560 1328 1631 corporum

248 1667 363 1739 genus
388 1666 481 1747 quae
520 1640 680 1713 sensibus
709 1653 956 1739 usurpantur,
995 1640 1057 1713 sed
1085 1640 1187 1713 aliud
1213 1642 1329 1739 quod-
1409 1659 1410 1670 ³

248 1746 331 1819 dam
356 1748 501 1843 puriore
524 1760 561 1818 et
585 1748 840 1844 praestantiore
861 1758 1023 1837 natura:
1049 1748 1189 1818 censuit
1210 1750 1326 1837 enim,

250 1848 324 1944 (ut
349 1853 461 1949 ipsius
490 1853 607 1927 verbis
640 1864 723 1924 utar
742 1853 780 1945 ),
812 1852 854 1924 iri
883 1861 987 1937 πέφυκε
1015 1880 1057 1931 τις
1089 1858 1169 1922 οὐσία
1196 1862 1329 1945 σώματος

249 1959 330 2041 ἄλλη
359 1969 440 2057 παρὰ
464 1970 516 2040 τὰς
543 1968 674 2031 ἐνταῦθα
690 1971 849 2050 οιιςοὶοεις,
875 1966 1014 2057 θειότερα
1032 1966 1081 2028 καὶ
1110 1970 1236 2057 πρότεροι
1268 1966 1330 2029 τοὺ-

251 2093 309 2137 τωιι
336 2078 459 2138 πάντων.
488 2068 562 2138 Hoc
586 2092 699 2165 genus
724 2067 848 2137 statuit
866 2067 989 2166 'omnis'
1005 2077 1194 2163 corporeae
1222 2071 1328 2136 natu·
1411 2127 1412 2172 ,

251 2194 312 2243 rac
344 2170 563 2267 principium
597 2184 705 2268 atque
735 2170 973 2268 exemplum,
1003 2172 1113 2267 idque
1149 2170 1330 2267 praedicat
1411 2175 1412 2256 l

251 2276 335 2345 tuor
363 2280 413 2343 κοιὲ
436 2276 499 2346 οὔτε
525 2276 647 2359 αὔξησιν
676 2277 748 2367 ἕχον
770 2275 837 2347 alre
861 2284 985 2374 φθίσιν,
1011 2271 1079 2348 ἀλλ’
1110 2286 1254 2373 ἀγήρατον
1279 2280 1330 2345 acl

251 2385 437 2452 ιὀαλλοιιοτοο
462 2388 512 2451 aar*
535 2389 673 2471 ἀπαθές;
692 2382 808 2454 eidem
823 2384 1161 2479 praestantissimum
1181 2405 1330 2480 quoque
1412 2429 1413 2466 2

251 2499 392 2559 motum
418 2499 455 2558 et
479 2489 628 2586 liguram
655 2488 808 2580 tribuit,
832 2514 950 2585 quum
975 2502 1012 2561 et
1037 2492 1076 2559 in
1102 2489 1226 2560 orbem
1256 2514 1332 2558 mo-
1412 2475 1413 2560 i

251 2595 389 2668 veriet
411 2594 580 2691 sphaerae
604 2596 717 2667 instar
734 2592 984 2693 conglobatum
1007 2620 1082 2667 esse
1098 2594 1202 2684 dicit,
1229 2592 1330 2665 deni-

253 2726 325 2799 que
340 2702 406 2775 hoc
419 2728 548 2799 corpus
569 2728 643 2775 esse
667 2704 781 2774 omnis
799 2716 959 2774 naturae¹
971 2701 1329 2797 praestantissimum,

256 2833 372 2905 eoque
397 2808 570 2881 ultimum
594 2809 684 2881 coeli
700 2809 824 2881 orbem
848 2808 1024 2880 contineri
1048 2805 1083 2875 ⁶⁶.
1148 2811 1152 2816 '

303 2912 423 2984 Talem
449 2904 560 3011 igitur
589 2916 830 2988 universitatis
861 2925 1027 2984 naturam
1053 2936 1170 3007 quum
1208 2922 1332 2981 mente

254 3018 496 3107 informasset,
524 3020 568 3091 ad
593 3020 742 3093 eandem
768 3022 917 3091 formam
943 3019 1013 3117 (ut
1036 3017 1256 3114 plerumque
1283 3016 1331 3087 fa-

155 3198 160 3202 ,
255 3122 330 3219 cit)
356 3126 464 3196 etiam
491 3127 735 3224 antiquiorum
764 3126 892 3225 placita
921 3127 967 3198 de
993 3124 1130 3195 mundo
1156 3137 1193 3196 et
1225 3122 1333 3196 rebus

255 3230 383 3303 divinis
416 3231 621 3305 Aristoteles
643 3233 779 3306 retulit.
809 3235 866 3305 Sic
895 3234 935 3303 in
958 3230 1236 3328 metaphysicis,
1268 3230 1333 3302 uhi

201 3385 206 3392 -
257 3337 408 3409 ostendit
437 3363 556 3409 unum
586 3365 658 3412 esse
693 3340 874 3412 mundum
907 3337 1072 3435 pluribus
1103 3336 1216 3434 globis
1252 3362 1332 3409 con-

256 3467 410 3534 nexum,
425 3442 464 3514 in
488 3444 639 3517 eandem
666 3446 879 3518 sententiam
905 3446 1102 3541 priscorum
1121 3441 1263 3515 fabulas
1279 3444 1333 3512 in-

230 3798 233 3807 .
296 3748 362 3827 (64)
381 3750 496 3810 Aristot.
518 3747 643 3828 Metaph.
666 3748 698 3822 1,
723 3751 752 3808 3.
774 3769 802 3830 p.
827 3747 888 3826 645
906 3768 947 3826 sq.

299 3886 362 3965 (65)
382 3887 426 3947 Id.
450 3886 576 3969 Metaph.
599 3887 659 3959 ΙΙΙ,
679 3886 707 3947 5.
729 3908 758 3968 p.
777 3884 837 3968 672
855 3890 888 3946 A:

298 4020 361 4094 (66)
382 4024 498 4083 Aristot.
510 4022 545 4083 dc
562 4022 657 4097 Coelo,
675 4023 776 4102 passim
788 4046 795 4081 :
807 4020 867 4081 loca
878 4022 961 4082 citata
979 4022 1155 4099 reperiuntur
1167 4019 1198 4078 L.
1220 4020 1235 4078 Ι
1242 4066 1251 4097 ,
1267 4040 1291 4078 c.
1305 4036 1330 4091 a,

260 4130 288 4191 p.
305 4108 450 4171 smne.
471 4116 510 4183 3,
532 4135 560 4193 p.
577 4114 636 4193 339
658 4112 696 4171 Η.
717 4132 838 4192 c.9,p.
855 4108 930 4189 348,
950 4112 993 4182 A,
1015 4106 1049 4165 G.
