2842 4884
566 423 746 478 ιιιιιιριιιιι.

629 628 686 719 ιι.

169 810 421 912 Superioribus
449 811 538 886 haec
559 813 729 912 deinceps
752 813 850 912 apud
876 811 1101 888 Clementem
1122 810 1146 882 l
1171 811 1196 882 l.

113 918 403 1016 subjiciuntur:
420 951 469 990 κοιι
464 926 577 992 πάλιν
597 921 730 1022 (φησί)

215 1076 345 1152 Ἀλ’”λ
318 1111 382 1152 ειτοι
408 1093 549 1179 χεῖράςγ
548 1077 661 1174 εἶχον
687 1084 809 1169 βόες’
778 1113 811 1163 ηε
835 1086 968 1170 λέοντες,

207 1186 241 1270 ”u
260 1192 370 1286 γράψαι
391 1199 521 1286 χείρεσσι
534 1195 586 1260 καί
600 1190 677 1286 ἔργα
694 1193 788 1259 τελεῖν
809 1189 885 1286 ἅπερ
908 1188 1035 1285 ἄνδρες,

214 1301 290 1364 ἵπποι
313 1302 365 1387 μέν
388 1290 419 1362 θ’
443 1303 573 1382 ἵπποισι,
604 1298 673 1382 βίις
694 1297 727 1365 δέ
749 1323 781 1364 τε
806 1299 902 1384 βοοοίν
928 1305 1040 1388 ὁμοῖοι,

105 1447 107 1452 ,
215 1409 270 1468 καί
289 1428 323 1468 ue
350 1407 429 1470 θεῶν
453 1402 529 1492 ἰδίοις
551 1400 673 1500 ἔγραφον
697 1407 749 1470 καί
769 1395 882 1494 σώματ’
904 1407 1006 1472 ἐποίουν

215 1502 335 1596 τοιαῦθ’,
358 1509 414 1578 οἷόν
441 1537 497 1606 περ
520 1514 570 1580 καὶ
589 1514 665 1580 αὐτοὶ
682 1511 782 1602 Ισ”έριοις
810 1505 887 1600 εἶχον
901 1508 1001 1600 ὅμοιον.

114 1695 172 1775 Ita
194 1693 257 1767 hos
281 1722 405 1772 versus
426 1723 512 1770 cum
531 1695 651 1792 eliqua
663 1695 826 1768 lectionis
840 1697 1010 1793 verietate
1026 1693 1198 1769 exhibent

114 1800 303 1895 Clemens,
325 1803 502 1876 Eusebius
526 1815 563 1876 et
581 1803 844 1895 Theodoretus‚
868 1829 958 1900 quos
983 1802 1088 1874 modo
1114 1803 1199 1876 cita-

112 1911 260 2002 -vimus3
283 1922 406 1982 tamen
431 1910 629 2009 graviorem
656 1909 816 2012 aliqqun
838 1910 981 1983 subesse
1005 1909 1198 2004 mendum,
1308 2002 1313 2016 ἱ

114 2015 191 2115 ipsa
214 2017 348 2090 indicat
370 2019 547 2090 sententia
574 2043 582 2088 :
610 2043 695 2090 nam
717 2043 766 2093 vs.
789 2015 824 2087 3.
845 2025 922 2088 ἵπποι
945 2025 998 2109 μέν
1023 2017 1201 2088 -inter-

114 2125 255 2222 rumpit
282 2125 449 2196 orationis
476 2123 663 2215 ordinem,
693 2136 737 2196 ut
762 2126 838 2218 jam
861 2123 1026 2196 Potterus
1051 2123 1096 2196 ad
1123 2122 1201 2196 Cle-

115 2244 278 2304 mentem
296 2232 569 2321 animadvertit,
595 2244 633 2305 et
654 2231 834 2307 Hervetus
857 2232 898 2302 in
911 2230 1020 2302 latine
1038 2232 1201 2304 versione

117 2337 207 2411 haec
223 2337 332 2416 verba
351 2338 478 2411 omisit.
496 2340 640 2436 Neque,
661 2340 798 2413 etiamsi
810 2365 895 2411 cum
912 2338 1131 2410 Theodoreto
1149 2337 1199 2410 le-

115 2447 264 2545 gemus
254 2448 372 2539 ὅμοιος,
394 2447 482 2520 haee
498 2445 687 2520 difficultas
711 2447 888 2520 tollitur:
914 2446 1100 2518 nonenim
1118 2445 1201 2515 satis

115 2566 213 2628 recte
243 2553 409 2628 cohaeret
440 2555 499 2637 hio
529 2579 652 2628 versus
680 2581 767 2627 cum
794 2555 971 2652 sequenti.
999 2554 1043 2624 Ιιι
1069 2550 1200 2622 ultimo

115 2683 224 2736 versu
246 2659 395 2733 offendit
415 2687 481 2734 vox
496 2662 603 2754 ὅμοιον,
622 2685 716 2757 quae
741 2686 815 2732 non
834 2659 940 2730 modo
957 2651 1144 2759 languet,¹
1138 2654 1199 2727 sed

116 2767 225 2838 ettam
237 2766 388 2864 impedit
401 2766 597 2840 verborum
609 2765 925 2838 constructionem
945 2764 1073 2838 Perva'
1077 2786 1198 2870 emen·
1232 2817 1236 2825 1

115 2873 258 2948 datione
282 2899 405 2949 versus
429 2877 479 2946 ita
503 2873 745 2972 interpolandi
771 2872 983 2989 uidentur:
1019 2867 1023 2877 ’
1047 2889 1052 2895 ·

211 3035 292 3111 Αλ’λ
324 3050 387 3112 ε’ίτοι
414 3062 556 3139 χειραςγ
586 3035 662 3132 ειχοιι
683 3041 800 3126 βόες’
767 3069 802 3118 ηε
828 3042 963 3131 λέοντες,

214 3145 233 3229 ἦ
258 3155 370 3244 γράψαι
394 3158 522 3245 χείρεσσι
550 3177 599 3217 και
621 3147 698 3244 ἔργα
724 3145 868 3216 τελεῖν”
846 3173 924 3242 απερ
949 3144 1075 3241 ἄνδρες,

215 3285 264 3323 και
280 3283 313 3323 κε
339 3262 417 3324 θεῶν
442 3253 552 3334 ἰδέας
536 3283 659 3391 εγραροιι
683 3259 733 3324 καί
756 3246 868 3346 σώματ
888 3260 991 3324 ἐποίοοιι

213 3358 351 3453 τοιαῦθ’,
376 3363 430 3432 οιόι
454 3391 510 3460 περ
533 3393 583 3432 και
609 3364 688 3432 αὐτοι
680 3356 854 3454 δέμας
823 3367 898 3452 εἶχον
920 3360 1050 3446 ἔκιες-ον,

125 3520 161 3556 ,-
213 3477 291 3541 ’ίιιποι
308 3479 360 3562 μέν
389 3463 420 3540 θ’
444 3477 577 3563 ἵπποισι,
599 3473 668 3557 βόες
684 3471 716 3540 δέ
741 3497 772 3537 τε
797 3471 894 3555 βοισίν
918 3478 1018 3559 ὁμοῖον.

119 3755 169 3816 VI.
190 3757 220 3818 Si
237 3779 307 3821 vero
325 3780 423 3822 menos
444 3759 580 3820 heberent
599 3761 686 3822 hoves
704 3764 749 3824 vel
766 3761 874 3835 leones,

188 3861 235 3908 eut
252 3851 368 3932 pingere
383 3851 511 3910 manibus
527 3863 555 3910 et
569 3852 702 3912 fabricari
723 3851 907 3928 eodemquee
925 3847 1051 3907 homines
1068 3860 1198 3928 possent,

185 3939 241 4020 ipsi
261 3960 369 4020 quoque
388 3941 512 4000 Deorum
530 3941 634 4002 formas
654 3943 805 4024 pingerent
824 3941 984 4019 figurasque
1003 3937 1156 3998 formarent

189 4030 279 4104 tales,
301 4031 376 4110 quali
396 4033 521 4113 ipsorum
542 4033 657 4110 quisque
677 4031 821 4114 praeditus
842 4031 898 4101 sit,

188 4121 253 4199 equi
274 4122 371 4200 equis,
392 4121 477 4185 hoves
497 4133 590 4182 autem
611 4121 700 4182 bobus
720 4119 833 4180 similes.
