2842 4884
486 428 561 470 vua
584 429 622 470 nr
647 396 778 470 saunas.
1144 409 1167 470 3
1231 455 1237 460 -

87 594 250 679 crepent,
262 594 466 680 temporum
480 583 750 679 computatione
767 579 915 681 patebit.
928 581 1037 655 Hiero
1057 584 1166 682 Syra-

87 692 178 772 cusis
191 717 313 764 rerum
326 691 460 788 potitus
472 702 524 762 est
537 689 758 789 Olympiadis
773 689 833 790 75.
847 710 895 762 a⁰.
914 688 953 783 33
965 692 1061 764 inter
1072 693 1167 768 hano

87 798 196 896 igitur
216 809 253 870 et
266 798 315 890 do
332 794 583 894 Olympiadem
601 810 751 869 centum
768 809 807 870 et
826 796 1059 897 quadraginta
1080 800 1167 871 anni

87 906 267 978 intersunt
288 904 421 978 :unde
444 903 547 976 facile
571 918 721 1002 apparet
744 905 1024 1003 Xenophanem,
1041 906 1070 977 si
1089 933 1166 1004 poa·

87 1024 200 1085 trema
210 1012 277 1083 hae
287 1010 498 1110 Olympiade
512 1024 619 1084 natus
631 1012 759 1102 fuerit,
772 1035 848 1088 ,non
862 1013 969 1084 modo
979 1006 1168 1112 aequalem

86 1121 234 1193 Hieroni
261 1145 334 1190 non
359 1118 489 1206 fuisse,
520 1120 582 1191 sed
609 1145 657 1191 ne
681 1120 857 1225 attingere
883 1120 1031 1219 quidem
1055 1121 1169 1218 hujus

36 1255 39 1260 ·
87 1239 241 1299 aetatem
260 1225 426 1322 potuisse.
449 1225 494 1295 In
521 1225 588 1298 hoc
615 1226 902 1298 testimoniorum
921 1226 1083 1299 dissensu
1108 1255 1172 1301 oe·

87 1333 155 1406 teri
175 1333 305 1430 partim
320 1332 419 1404 hunc
436 1331 567 1428 partim
585 1329 693 1403 illum
710 1344 927 1430 sequuntur.
945 1331 1039 1403 Cum
1057 1333 1167 1432 Apol-

85 1437 208 1511 lodoro
219 1439 385 1536 congruit
396 1439 511 1535 gravis
526 1439 613 1509 item
628 1451 753 1510 auomr
768 1440 888 1508 Sotion
904 1436 1003 1535 apud
1018 1439 1166 1539 Diogen.

43 1553 44 1556 ’
86 1546 202 1620 Laut.
211 1545 273 1618 IX.
292 1546 346 1636 18,
357 1546 421 1642 qui
435 1544 622 1642 aequalem
631 1543 738 1617 illum
750 1546 875 1617 statuit
883 1546 1167 1642 Anaximandro,

87 1654 152 1750 qui
168 1651 311 1750 Olymp.
329 1652 375 1741 da
393 1662 563 1723 natusest
577 1678 587 1743 3
604 1663 685 1722 tum
701 1651 809 1728 etiam
822 1653 951 1723 Sextus
966 1653 1170 1750 Empiricus

87 1757 168 1832 adv.
190 1758 357 1830 Mathem.
386 1758 405 1828 I
419 1809 432 1842 ,
462 1785 493 1828 o.
526 1783 580 1826 12.
611 1769 694 1829 seot.
729 1757 812 1856 257.
839 1758 904 1854 qui
937 1759 1033 1830 inter
1073 1759 1169 1831 diffi-

87 1865 228 1939 ciliores
243 1866 556 1965 grammaticorum
575 1863 800 1963 quaestiones
816 1865 882 1937 hoc
896 1877 1066 1963 tanquam
1075 1874 1169 1966 'pro-

86 1973 214 2047 hatum
243 1974 367 2070 ponit,
393 1973 436 2044 ὅτι
462 1974 621 2070 Ξενοφάνης
646 1983 661 2042 ὁ
685 1977 859 2072 Κολοφώνιος
884 1979 993 2068 ἐγένετο
1018 1983 1083 2073 περὶ
1118 1988 1169 2062 τὴν

87 2091 406 2178 τεσσαρακοστὴν
428 2074 631 2172 Ὀλυμπιάδα.
645 2081 788 2152 Timaeo
800 2106 885 2155 vero
899 2082 1048 2178 propius
1069 2103 1173 2157 acce*
1239 2169 1246 2181 .

86 2188 173 2262 dere
186 2189 330 2262 videtur
343 2188 540 2276 Eusebius,
555 2201 679 2260 auctor
692 2214 765 2259 non
779 2188 974 2261 admodum
990 2189 1168 2289 locuples,

87 2296 127 2372 in
149 2297 315 2393 Praepar.
340 2296 409 2367 Eu.
435 2295 528 2366 XIV.
556 2321 590 2391 p.
623 2293 719 2394 757,
746 2308 838 2368 extr.
873 2299 1033 2395 Ξένοφάνης
1048 2343 1098 2354 -
1119 2305 1170 2373 λε’·

87 2431 171 2498 γεται
198 2414 383 2495 σννακμάσαι
421 2423 477 2480 τοῖς
513 2409 585 2499 ἀμφὶ
617 2408 801 2498 Πυθαγόραν
842 2408 892 2472 καὶ
923 2398 1128 2503 Ἀναξαγόραν
1143 2406 1167 2479 ⁴.

87 2511 166 2592 Non
183 2507 417 2581 luculentum
431 2508 589 2606 profecto
604 2509 851 2580 testimonium
867 2537 875 2579 :
891 2509 1070 2605 siquidem
1088 2519 1169 2609 Py·-

89 2622 252 2709 tlaqoras
270 2628 308 2687 et
321 2613 572 2708 Auaeoqoras,
586 2639 676 2712 quos
690 2613 753 2685 ille
769 2613 882 2684 veluti
895 2614 1061 2711 aequales
1077 2644 1170 2690 con-

85 2723 231 2819 jungit,
252 2733 396 2792 tantum
419 2731 533 2792 aetate
549 2720 745 2812 distabant,
762 2733 805 2792 ut
823 2721 925 2817 prius
942 2746 1055 2817 paene
1079 2723 1170 2796 alter
1248 2759 1255 2767 ·
1352 2811 1358 2818 ,

86 2840 254 2899 mortuus
293 2837 383 2900 esset
407 2851 516 2923 quam
545 2838 652 2898 natus
677 2825 790 2919 alter3
830 2827 897 2896 nisi
922 2825 990 2898 hoo
1025 2828 1169 2906 fortasse
1278 2836 1282 2842 ’

87 2931 269 3026 voluerit,
295 2933 523 3030 Xenophanis
540 2946 693 3006 aetatem
716 2935 765 3003 ita
790 2932 886 3006 inter
901 2943 1103 3034 utrumque
1118 2939 1171 3013 in·

86 3043 306 3134 tercessisse,
331 3040 501 3114 utillum
527 3053 617 3113 natu
640 3044 811 3135 majorem
828 3040 1049 3134 adolescens,
1072 3046 1172 3120 huno
1208 3119 1213 3127 ,

87 3147 351 3220 adolescentem
376 3173 485 3221 senex
509 3146 651 3221 viderit.
677 3147 758 3240 Qua
777 3148 1075 3244 interpretatione
1097 3153 1171 3226 Eu·

87 3254 180 3327 sehii
205 3255 295 3326 ratio
318 3280 404 3326 cum
426 3255 568 3326 Timaeo
590 3279 735 3352 prorsus
760 3257 980 3328 conveniret.

138 3361 217 3432 Jam
238 3373 282 3434 ut
295 3385 353 3432 eos
367 3360 551 3453 omittam,
572 3362 638 3458 qui
664 3361 924 3458 Xenophanem
954 3365 1173 3459 Empedoclis

88 3465 279 3568 aequalem
307 3480 372 3540 aut
408 3468 578 3541 Archelai
615 3468 816 3541 auditorem
852 3467 992 3542 faciunt
1016 3467 1050 3562 ³,
1078 3496 1173 3569 quo-

131 3681 175 3760 (4)
197 3680 276 3740 Idem
300 3682 402 3762 repetit
429 3682 559 3762 Praepar.
583 3680 705 3755 EmX,
720 3667 762 3762 7).
782 3680 853 3760 504.
874 3683 905 3743 C.
926 3681 1049 3762 Syaoell.
1067 3680 1173 3744 Chron.
1268 3682 1270 3687 ’
1400 3749 1406 3757 ,

88 3792 118 3852 p.
144 3792 217 3852 190,
243 3773 313 3831 203.
340 3770 416 3848 quod
430 3772 619 3831 testimonium
641 3770 801 3852 repudiavit
823 3773 877 3851 jam
896 3770 1068 3831 Schaubaeh.
1096 3773 1173 3832 dna·

88 3861 190 3941 xagor.
210 3861 310 3941 fragm.
336 3882 364 3941 p.
390 3861 417 3922 5.
442 3862 543 3921 Caussa
564 3863 622 3943 ejus
641 3862 743 3922 erroris
760 3861 829 3922 liaeo
848 3860 960 3923 videtur
978 3861 1077 3938 foisse,
1097 3863 1174 3942 quod

89 3964 148 4011 tres
170 3951 232 4011 illos
252 3951 450 4033 philosophos,
472 3964 503 4010 ut
525 3950 652 4011 doctrina
674 3967 702 4012 et
724 3955 832 4014 ratione
851 3953 925 4011 inter
945 3972 974 4011 se
993 3950 1108 4030 affines,
1132 3957 1173 4015 sie

91 4053 184 4100 aetate
203 4043 286 4100 etiam
305 4062 385 4122 pares
406 4063 465 4102 esse
483 4054 626 4124 putarunt.

133 4131 178 4214 (5)
198 4132 368 4214 Hermippus
392 4131 467 4214 apud
489 4133 608 4212 Diogen.
636 4133 666 4194 L.
688 4135 773 4206 Vlll,
798 4131 847 4194 56.
878 4135 1087 4214 Empedoclem
1110 4157 1174 4196 oum

984 4233 1025 4304 1*
