2842 4884
280 411 331 456 XVI

328 560 374 630 Hi
397 560 507 658 igitur
530 583 646 657 quum
667 559 731 631 tali
757 550 892 634 ratione
929 572 1047 635 vetera
1084 560 1200 631 omnia
1223 561 1348 632 confu-

170 772 172 780 ,
278 691 415 780 derint,
429 713 503 760 non
520 690 653 761 mirum
666 688 711 761 ab
729 690 981 762 eruditioribus
992 713 1118 761 eorum
1128 689 1346 781 testimonia,

277 823 345 894 nisi
358 820 634 917 locupletiorum
647 822 857 894 auctoritate
869 822 1109 911 firmarentur,
1123 819 1220 891 haud
1229 822 1350 918 magni

278 954 457 1026 aestimata
480 953 597 1025 fuisse.
617 954 742 1051 Neque
762 965 882 1024 tamen
902 951 1009 1050 plane
1031 951 1230 1050 spernenda
1249 967 1348 1025 sunt.

277 1084 453 1186 Pleraque
478 1086 575 1158 enim
600 1084 729 1182 placita
751 1084 796 1157 ab
820 1086 862 1156 iis
884 1095 1154 1158 commemorata
1179 1109 1199 1157 e
1224 1084 1350 1158 melio.
1420 1115 1421 1118 ¹

275 1220 375 1292 ribus
402 1219 508 1293 ducta
534 1231 619 1292 sunt
642 1218 821 1310 fontibus,
846 1243 867 1291 e
891 1218 1023 1316 quihus
1045 1217 1084 1289 hi
1107 1230 1278 1314 tanquam
1300 1220 1349 1289 ri-

275 1349 353 1427 vuli
372 1350 416 1422 ad
435 1363 595 1448 tempora
613 1361 730 1421 nostra
748 1360 958 1441 manarunt,
993 1349 1057 1446 qui
1075 1349 1105 1419 si
1121 1345 1244 1420 multis
1261 1362 1349 1420 sunt

274 1479 435 1554 sordibus
461 1478 711 1572 contaminati,
735 1477 840 1577 plura
866 1489 987 1552 tamen
1008 1481 1047 1549 in
1072 1479 1114 1550 iis
1137 1479 1261 1551 insunt
1285 1505 1348 1555 ve·
1420 1482 1421 1486 ’

275 1611 413 1682 tustatis
437 1611 590 1710 vestigia,
608 1635 701 1709 quae
719 1611 748 1681 si
761 1609 967 1709 diligentius
979 1620 1169 1700 eruantur,
1187 1634 1259 1680 non
1279 1608 1346 1680 du-

274 1739 377 1817 bium
399 1755 452 1816 est
470 1743 561 1841 quin
577 1742 622 1816 ad
643 1740 891 1816 illustrandam
911 1756 1067 1849 veterem
1087 1740 1346 1841 philosophiam

272 1873 475 1971 plurimum
496 1872 689 1947 conferant.

321 2086 376 2159 Ac
403 2087 517 2160 multa
543 2088 689 2186 quidem
713 2089 844 2160 horum
867 2093 941 2183 jam
961 2087 1102 2159 dudum
1126 2084 1220 2159 docti
1234 2086 1349 2157 homi·

272 2243 335 2292 nes
347 2247 369 2312 ,·
382 2221 447 2318 qui
466 2222 505 2291 in
528 2218 716 2294 literarum
741 2231 778 2292 et
801 2218 1042 2317 philosophiae
1061 2218 1241 2290 historiam
1261 2242 1348 2316 ope-

271 2379 349 2426 ram
373 2354 607 2453 studiumque
639 2353 904 2447 contulerunt,
935 2355 1070 2454 ingenii
1097 2355 1282 2453 sagacitate
1307 2368 1347 2428 et

271 2483 452 2557 doctrinae
478 2485 577 2583 copia
609 2484 864 2577 declararunt3
893 2485 1026 2583 quibus
1057 2485 1182 2560 studiis
1199 2488 1238 2557 in
1270 2485 1347 2559 dies

269 2616 378 2714 magis
393 2617 575 2716 magisque
605 2617 717 2689 auctis
745 2629 781 2689 et
811 2615 993 2714 explicatis
1007 2619 1082 2710 jam
1104 2617 1142 2689 id
1159 2621 1341 2690 consecuti

266 2771 414 2839 sumus,
452 2758 495 2819 ut
534 2744 650 2821 multo
688 2746 874 2821 clariorem
904 2760 941 2821 et
968 2745 1238 2846 locupletiorem
1274 2749 1341 2820 ha—

265 2877 413 2952 beamus
435 2881 563 2954 veteris
588 2879 828 2978 philosophiae
850 2879 1024 2952 notitiam.
1054 2879 1125 2952 Nec
1146 2905 1260 2977 pauca
1284 2893 1341 2951 ta-

265 3031 350 3080 men
378 3009 500 3082 relicta
529 3024 614 3084 sunt
646 3025 720 3084 tam
750 3013 789 3083 in
818 3011 965 3118 singulis
993 3009 1130 3110 placitis
1159 3037 1269 3109 quam
1298 3014 1339 3083 in

264 3137 430 3213 universa
459 3165 584 3214 eorum
610 3142 797 3234 doctrina,
822 3169 916 3240 quac
942 3143 1195 3216 accuratiorem
1225 3140 1341 3239 expli-

264 3269 440 3343 cationem
463 3272 674 3347 desiderant.
699 3275 758 3346 Ad
787 3275 875 3347 haec
904 3273 1113 3348 illustranda
1139 3276 1180 3346 in
1203 3277 1339 3373 praeci·

263 3403 348 3498 puis
368 3401 549 3477 doctrinae
564 3405 728 3480 subsidiis
747 3405 933 3504 ponendae
955 3419 1042 3480 sunt
1058 3409 1155 3505 ipsae
1175 3407 1339 3505 antiqui·
1420 3397 1421 3404 '

262 3536 342 3608 tatis
358 3535 553 3636 reliquiae,
573 3541 647 3638 ipsa
660 3539 952 3640 philosophorum
970 3541 1061 3614 dicta
1078 3566 1172 3638 quae
1187 3532 1336 3638 sparsim

261 3666 358 3764 apud
387 3667 572 3766 scriptores
600 3684 933 3744 commemorantur.
965 3671 1040 3742 Etsi
1070 3697 1142 3742 non
1158 3672 1337 3769 'integrae

259 3797 406 3893 quidem
426 3813 620 3898 supersunt
637 3800 782 3874 illorum
798 3801 1072 3900 disputationes,
1097 3802 1159 3876 scd
1174 3827 1247 3874 non
1266 3803 1337 3873 nisi

258 3925 455 4025 fragmenta
482 3931 659 4030 quaedam
684 3935 786 4032 quasi
812 3931 955 4005 tabidae
979 3959 1002 4004 e
1026 3936 1209 4006 communi
1238 3957 1337 4006 nau-

204 4051 206 4056 ’
256 4056 367 4155 fragio
391 4059 552 4156 relictae,
566 4065 653 4139 haec
672 4077 794 4138 tamen
812 4076 898 4138 sunt
914 4064 1024 4172 ipsius
1043 4064 1229 4140 vetustatis
1247 4089 1330 4135 rno-
1420 4109 1421 4150 3
