2842 4884
73 650 77 656 -
195 613 292 683 dium
305 623 462 684 nostrum
475 615 637 682 incitasti
648 609 710 680 scd
725 618 844 704 sponte
858 633 922 680 nos
935 612 1112 700 invitanti,
1128 621 1169 680 ut
1184 610 1280 704 apud

126 804 129 810 s
197 758 229 816 te
254 769 326 816 ursa
351 749 452 816 illius
482 749 613 836 scripta
644 749 845 837 leporemus.
876 745 1000 838 Itaque
1028 749 1130 815 stalis
1156 742 1278 815 diebus

8 937 10 950 .
135 949 136 954 ,
196 879 331 951 domum
356 891 450 950 tuam
473 877 776 962 conveniebamus,
803 876 873 947 ubi·
893 901 970 947 cnm
994 903 1056 948 nos
1081 883 1122 948 in
1146 883 1278 949 circulo

192 1015 425 1106 familiariter
438 1011 622 1082 admodum
639 1010 854 1082 considentes
866 1007 1052 1086 Platonem
1064 1010 1275 1104 lcpebamus,

197 1155 236 1214 tn
260 1148 311 1213 ita
335 1167 465 1213 omnem
485 1147 683 1236 philosophi
710 1153 854 1212 mentem
877 1140 1097 1234 explicabas,
1121 1146 1172 1212 tn
1194 1145 1276 1210 ani-

8 1333 10 1340 .
102 1363 105 1372 Ι
196 1301 267 1347 mos
291 1288 427 1348 nastros
452 1287 509 1347 tuo
531 1275 728 1346 disserendi
746 1281 858 1370 lepore
871 1286 905 1348 et
927 1279 1100 1370 pravitate
1123 1274 1276 1346 movebas

196 1421 230 1480 ct
253 1409 442 1483 delectabas
470 1420 510 1480 ut
518 1460 533 1494 ,
561 1419 682 1480 utrum
710 1413 820 1501 mapis
846 1410 1005 1478 Platonis
1021 1432 1083 1478 nos
1107 1411 1204 1478 lectio
1227 1430 1274 1475 an

197 1553 257 1614 tua
287 1553 418 1614 teneret
448 1546 650 1614 humanitas
678 1552 715 1612 et
738 1544 936 1633 elepantia,
968 1545 1073 1632 plane
1095 1543 1245 1608 nesciam
1256 1567 1272 1625 ,·

196 1675 287 1747 illud
309 1689 464 1766 certum,
493 1687 586 1746 tanto
613 1699 675 1745 nos
692 1685 753 1744 tua
769 1698 847 1744 occe
872 1679 1031 1744 incensos
1057 1697 1130 1742 esse
1154 1674 1274 1742 Plato-

196 1813 296 1880 noae
314 1807 550 1902 philosophiae
571 1805 689 1878 studia
710 1817 744 1876 ct
764 1829 911 1890 amore,
931 1817 975 1875 ut
989 1827 1183 1898 nunquam
1194 1805 1274 1894 fere

197 1943 270 2008 nisi
292 1944 491 2014 ἐνθουσιῶντες
516 1962 538 2005 a
576 1948 609 2008 te
643 1935 929 2019 disnmcrimus,
956 1947 990 2005 et
1009 1931 1274 2026 pomeridianas

195 2075 277 2139 illae
302 2075 469 2140 sessiones
485 2093 609 2138 reuera
627 2066 726 2137 nabis
742 2065 948 2136 uiderentur
970 2065 1218 2158 disputationes
1234 2068 1274 2134 in

197 2201 397 2274 Academia.
420 2203 478 2274 Ibi
502 2213 615 2273 autem
643 2224 751 2298 qutun
773 2223 875 2296 saepe
897 2200 940 2271 cle
966 2205 1083 2273 multis
1105 2204 1272 2271 sermoci-

197 2357 367 2403 naremur
391 2340 517 2404 ceteris
537 2337 776 2425 philosophiae
798 2331 1087 2426 quaestionibus,
1114 2342 1187 2401 tum
1220 2335 1274 2400 in-

198 2463 332 2534 terdum
350 2489 483 2558 quoqne
507 2488 618 2534 sermo
643 2463 771 2534 incidit
790 2468 831 2533 in
851 2468 987 2556 priscos
1006 2468 1082 2533 illos
1098 2467 1171 2532 siae
1181 2466 1272 2554 phi-

198 2601 349 2688 Iasophos
371 2603 441 2666 siae
465 2601 656 2690 sapientes,
670 2593 835 2690 aquibus
852 2620 922 2665 non
937 2618 1052 2688 pauca
1070 2592 1274 2663 viderentur

173 2823 175 2831 k
195 2727 370 2818 pluuisse,
394 2753 483 2822 qnae
507 2727 668 2798 Platonis
693 2731 885 2799 illustrauit
905 2731 1097 2820 inpenium.
1122 2729 1174 2794 De
1197 2727 1277 2818 qui·

197 2841 262 2928 bus
287 2885 393 2954 quum
419 2885 477 2952 epo
494 2858 685 2930 studiosius
703 2839 937 2953 quaererem,
963 2860 1163 2925 memineris
1173 2905 1188 2938 ,
1216 2859 1274 2923 oir

194 2995 516 3084 praestantissime,
549 3003 579 3060 te
606 2989 797 3085 aliquando
835 3015 887 3058 me
928 3012 1002 3058 esse
1036 2993 1210 3058 hortatum
1242 2996 1282 3054 ut

197 3119 375 3214 dispersas
385 3146 505 3190 eorum
519 3126 692 3215 reliquias
704 3124 906 3190 accuratius
919 3124 1128 3212 calliperem,
1144 3127 1180 3188 et
1192 3115 1284 3212 qnod

197 3265 283 3345 opus
303 3255 376 3335 jam
398 3249 538 3344 pridem
559 3249 680 3320 Hem,
705 3245 930 3344 Stephanus,
955 3247 1048 3317 edita
1072 3245 1173 3319 Poisi
1195 3245 1280 3344 phi-

198 3379 394 3479 losophica,
416 3386 627 3466 inchoasset,
642 3379 907 3474 exaedificarent
928 3390 962 3451 ct
970 3380 1180 3474 perficerem.
1196 3381 1283 3447 Pro

194 3521 348 3610 positum
374 3519 530 3609 placuit,
560 3514 663 3608 idqne
688 3513 831 3583 initiunt
856 3518 946 3584 mihi
970 3513 1050 3606 fuit
1069 3507 1284 3602 suscipiendi

201 3653 336 3740 meris,
365 3645 457 3743 quod
478 3645 686 3740 confidebam
707 3620 768 3716 tuo
793 3669 848 3713 me
869 3666 975 3738 opera
999 3656 1124 3737 tuoque
1142 3647 1284 3714 consitio

199 3777 359 3868 adjutum
375 3805 445 3850 non
470 3780 663 3872 infeliciter
682 3762 895 3872 effecturum.
908 3776 989 3847 ·Scal
1007 3799 1078 3846 non
1100 3780 1151 3846 ita
1177 3779 1284 3845 multo

197 3921 275 4010 post
292 3909 438 3994 accidit,
465 3921 505 3980 ul
524 3914 565 3979 iu
586 3907 817 3979 Athenaeum
839 3905 1074 3979 Bruxellense
1095 3906 1144 3976 ad
1159 3912 1282 3976 literas

200 4040 368 4114 incendas
391 4047 457 4111 sim
484 4049 645 4126 vocatum
672 4040 763 4135 quod
788 4064 917 4112 munus
940 4051 982 4110 ut
1003 4039 1125 4110 lubens
1145 4041 1282 4130 accepi,

200 4173 295 4245 dolui
312 4185 425 4246 tumen
449 4173 540 4268 qnod
566 4185 602 4243 et
616 4179 723 4244 ceteri
746 4142 1014 4256 consubtulino,
1033 4183 1093 4240 tuo
1114 4174 1283 4254 mammo,
