2842 4884
1084 388 1149 432 xvu

84 540 271 618 numento,
287 554 379 626 quae
395 543 432 604 et
448 534 656 606 auctoritate
674 533 790 606 multo
805 533 888 632 plus
903 533 1023 609 valent
1038 561 1148 635 quam

81 663 253 734 seriorum
278 664 493 755 testimonia,
517 677 555 736 et
577 663 832 738 multoclarius
845 691 970 739 eorum
988 680 1148 749 mentem

80 790 275 883 illustrant,
303 809 340 868 et
363 797 464 894 quasi
487 798 657 894 expressis
683 798 835 896 vestigiis
864 798 958 870 viam
979 799 1080 873 nohis
1095 803 1147 876 in-

81 923 197 996 dicant
219 952 292 1025 quo
312 928 350 998 in
370 926 586 1024 explicandis
610 927 834 1028 reliquorum
858 930 1065 1003 testimoniis
1080 934 1146 1026 ju-

80 1054 209 1128 dicium
240 1071 400 1130 nostrum
425 1057 653 1154 dirigamus„

123 1286 309 1360 Praeterea
332 1287 399 1359 alia
422 1301 474 1361 est
489 1290 595 1360 etiam
615 1289 744 1361 horum
762 1288 906 1361 utilitas.
927 1289 1032 1381 Quod
1048 1292 1146 1364 enim

76 1417 113 1485 in
139 1419 237 1488 omni
263 1416 448 1490 literarum
474 1444 628 1518 genere,
654 1421 692 1490 in
714 1422 831 1518 poesi,
853 1420 892 1490 in
916 1417 1144 1516 eloquentia,

78 1546 264 1646 diligenter
289 1551 489 1642 studemus,
520 1563 649 1622 utnon
676 1549 781 1622 modo
804 1550 893 1648 quid
915 1548 1053 1622 dictum
1079 1551 1144 1636 sit,

76 1677 133 1750 sed
150 1706 225 1778 quo
245 1682 405 1778 quidque
424 1682 527 1752 modo
545 1682 682 1753 dictum
695 1682 757 1773 sit,
775 1705 1033 1778 cognoscamus,
1049 1679 1146 1751 idem

77 1809 111 1880 in
126 1809 346 1910 philosophia
359 1809 618 1882 attendendum
640 1821 702 1882 est.
717 1812 877 1908 Namque
890 1821 933 1881 ut
945 1816 1070 1906 poetae
1082 1811 1145 1901 in-

76 1939 244 2036 genium,
269 1952 312 2011 ut
338 1939 482 2010 oratoris
504 1943 599 2027 vim,
626 1921 692 2010 nisi
703 1953 871 2038 percepta
886 1965 1013 2012 eorum
1037 1964 1143 2030 voce,
1177 2029 1182 2038 ¹

77 2075 205 2146 sentire
230 2099 301 2144 non
326 2099 533 2170 possumus,
558 2073 720 2146 similiter
744 2073 942 2172 philosophi
964 2074 1144 2169 judicium

77 2219 110 2276 et
132 2219 292 2311 mentem
316 2207 515 2304 perspicere
541 2231 612 2276 non
634 2206 848 2304 poterimus,
874 2207 957 2298 nisi,
980 2232 1052 2304 qua
1076 2205 1143 2277 dis-

75 2337 211 2410 serendi
236 2337 392 2425 ratione,
418 2336 550 2434 quibus
574 2336 690 2410 verbis
715 2338 876 2411 notiones
900 2363 980 2409 suas
1003 2361 1143 2435 expres-

72 2471 195 2561 serint,
210 2471 487 2568 cognoverimus.
512 2469 613 2562 Quae
633 2469 780 2566 quidem
797 2469 948 2567 cognitio
971 2470 1010 2540 in
1031 2466 1142 2540 Grae-

73 2624 192 2671 corum
211 2598 335 2698 lingua
354 2626 395 2672 eo
418 2603 588 2694 majorem
610 2599 718 2672 habet
739 2600 848 2672 studii
869 2598 1141 2672 delectationem

74 2742 107 2800 et
131 2731 315 2823 fructum,
339 2730 436 2829 quod
461 2731 549 2802 haec
576 2757 648 2802 non
673 2732 717 2803 ad
742 2730 893 2803 aliarum
914 2733 1077 2829 gentium
1097 2733 1140 2801 si-

74 2860 313 2936 militudinem
341 2861 481 2954 efficta,
512 2862 572 2934 sed
601 2862 711 2960 ipsius
742 2860 869 2960 populi
897 2863 1039 2959 ingenio
1074 2886 1142 2934 ex-

74 3015 202 3086 pressa,
219 2995 268 3064 ita
289 2993 399 3066 refert
421 3019 545 3065 eorum
560 3005 718 3065 mentem
732 3006 768 3064 et
792 2991 925 3083 studia,
953 3005 997 3064 ut
1018 2993 1056 3062 in
1078 2992 1143 3064 hac

73 3130 240 3218 tanquam
268 3124 307 3192 in
332 3121 477 3219 speculo
503 3123 616 3194 omnis
644 3147 771 3194 eorum
799 3121 920 3194 cultus
946 3135 984 3194 et
1008 3123 1141 3195 huma-

72 3253 158 3325 nitas
181 3253 370 3354 refulgeat.
399 3255 551 3330 Exculta
577 3258 736 3352 primum
761 3284 781 3330 a
810 3259 921 3354 poetis
944 3257 993 3330 ita
1019 3272 1141 3331 ornata

73 3397 122 3455 est
148 3389 314 3460 orationis
342 3387 506 3462 ubertate
534 3389 798 3487 verborumque
824 3389 990 3482 lumine,
1016 3392 1066 3462 ita
1094 3391 1140 3464 ad

73 3539 305 3590 numerorum
318 3520 528 3592 suavitatem
545 3521 752 3616 composita,
765 3521 815 3591 ita
828 3521 874 3592 ad
886 3544 1009 3592 omnes
1029 3520 1140 3591 animi

73 3671 190 3723 sensus
218 3664 408 3750 motusque
436 3650 649 3749 effingendos
676 3653 846 3743 formata,
873 3665 917 3723 ut
939 3657 1081 3748 poeseos
1104 3663 1139 3722 et

74 3782 224 3854 musicae
237 3783 288 3860 ris
303 3781 341 3854 in
358 3808 399 3855 ea
413 3784 565 3856 maxime
582 3783 798 3856 dominetur.
813 3786 895 3856 Post
907 3808 1006 3870 vero,
1022 3807 1139 3878 quum

75 3904 291 3985 Graecorum
310 3914 452 4013 ingenia
476 3940 495 3984 a
517 3920 658 4012 poeseos
677 3914 794 3986 studio
818 3915 862 3987 ad
883 3911 1140 4010 philosophiam
1186 3935 1193 3944 ’

76 4051 308 4118 maturescere
339 4045 561 4146 coepissent,
591 4046 698 4118 etiam
727 4044 849 4143 lingua
881 4068 1006 4117 eorum
1032 4044 1142 4142 magis

945 4336 957 4365 t
