2842 4884
270 396 316 460 60
355 375 359 386 ¹
713 415 902 459 xnnoeuffls

267 580 383 640 nutem
408 567 566 638 certandi
601 577 696 636 artes
722 578 887 661 tauquam
925 570 1072 636 inutiles
1097 576 1132 635 et
1154 589 1265 634 nonas
1290 574 1342 637 oi-

270 688 450 771 toperana.
471 674 573 745 Idem
591 672 774 772 Euripidis
797 696 944 771 quoque
967 695 1088 747 versus
1110 668 1235 743 laudat
1258 697 1342 770 quo-

269 806 355 854 rum
379 781 504 853 eadem
527 792 580 852 est
602 780 796 870 sententia,
822 779 1106 875 eXenophane‘,
1132 791 1176 849 ut
1198 779 1341 852 arbitra-

184 967 185 972 *
269 899 356 978 tur,
383 912 543 984 expressa
569 914 576 958 :
602 883 681 956 ταῦτ’
700 890 815 984 εἴληφεν
839 897 853 956 ὁ
877 887 1031 983 Εὐριπιδης
1051 893 1085 956 ἐκ
1111 904 1170 956 τῶν
1191 902 1238 958 τοῦ
1256 891 1341 960 Krin-

267 1003 366 1091 ρειυζου
390 997 521 1089 ελεηείων
548 994 717 1092 Ξενοφάνους
739 994 825 1071 οὕτως
847 1003 1004 1089 εἰρηκότος*

365 1193 444 1269 Ἀλλ’
463 1210 488 1270 εἰ
511 1206 564 1294 μὲν
590 1219 729 1294 ταχυτῆτι
751 1204 843 1272 ποδῶν
868 1212 948 1283 νίκην
968 1228 1011 1278 τις
1032 1201 1153 1296 ἄρατο,

463 1307 483 1390 ἢ
512 1314 743 1396 πενταθλεύων,
770 1309 850 1387 ἔνθα
877 1313 943 1386 Διὸς
966 1316 1080 1400 τέμενος

367 1422 429 1510 πὰρ
452 1419 547 1486 Πίσαο
575 1415 640 1512 ρὀᾖς
663 1423 693 1502 ἐν
717 1410 887 1508 Ὀλυμπίῃ,
914 1423 970 1483 εἴτε
992 1417 1148 1500 παλαίων,

463 1520 483 1602 ἢ
508 1531 558 1610 καὶ
578 1529 751 1604 πυκτοσύνην
773 1527 962 1618 ἀλγινόεσσαν
984 1521 1086 1613 ἔχων,

273 1627 293 1700 5
369 1637 425 1697 εἴτε
450 1635 480 1698 τὸ
497 1632 587 1701 δεινὸν
610 1631 722 1700 σίἐθλσν
748 1633 764 1700 δ
787 1641 965 1727 παγκράτια
992 1630 1160 1717 καλέουσιν,

466 1744 576 1819 ἀςοῖσιυ
599 1731 624 1806 κ’
651 1745 692 1818 ε’ίη
721 1738 883 1832 κυδρότερος
914 1753 1076 1832 προσορᾶν,

366 1851 422 1910 καί
443 1869 476 1910 κε
501 1845 647 1939 προεδρίην
679 1853 803 1941 φανερὴν
826 1851 855 1914 ἐν
886 1853 993 1936 ἀγῶσιν
1017 1841 1112 1938 ἄροιτο
1126 1895 1142 1934 ,,
1178 1850 1182 1856 ’

466 1959 521 2018 καί
542 1977 592 2017 κεν
616 1943 671 2038 σῖτ’
695 1959 738 2030 εἵη
764 1950 908 2041 δημοσίων
931 1959 1058 2018 κτεάνων

368 2060 402 2122 ἑκ
426 2056 534 2132 πόλεως
558 2063 609 2124 καὶ
638 2056 726 2150 δῶρον
749 2057 765 2124 δ’
789 2065 811 2124 οἱ
838 2059 981 2146 κειμήλιον
1012 2063 1071 2135 εἴη·

275 2182 319 2229 10
466 2167 521 2227 ε’ίτε
552 2168 603 2228 καὶ
626 2167 772 2247 ἵπποισιν,
798 2170 890 2229 ταῦτά
918 2155 948 2251 χ’
971 2156 1088 2230 ἅπαντα
1112 2163 1227 2251 λάχοι,

332 2348 336 2359 .
366 2258 421 2334 οὐκ
444 2271 496 2334 ε’ὼν
524 2266 604 2349 ἄξιος
628 2265 725 2363 ὥσπερ
754 2272 825 2362 ἐγὼ·
851 2265 951 2362 ῥώμης
976 2275 1034 2363 γὰρ
1056 2267 1179 2358 ἀμείνων

467 2367 646 2468 ἀνδρῶνηδ
668 2381 761 2442 ἵππων
783 2380 907 2467 ἡμετέρη
934 2373 1025 2469 σερίη.

368 2473 433 2548 ἀλλ’
459 2487 520 2561 εἰκῆ
547 2483 631 2572 μάλα
655 2493 731 2550 τοῦτο
753 2477 921 2571 νομίζεται,
949 2480 1010 2548 ου’δὲ
1036 2480 1143 2551 δίκαιον

465 2597 621 2685 προκρίνειν
643 2587 744 2684 ρ’ώμην
769 2606 818 2671 τῆς
846 2594 965 2683 ἀγαθῆς
993 2598 1095 2686 συριής.

271 2878 356 2941 XIX.
377 2877 408 2942 Si
426 2901 495 2944 vero
517 2893 565 2940 aut
583 2880 686 2964 pedum
703 2881 852 2942 velocitate
872 2881 1019 2943 victoriam
1038 2879 1099 2956 quis
1118 2888 1300 2956 consequatur

373 2985 421 3032 aut
440 2975 638 3052 quinquertio,
660 2972 736 3054 apud
755 2974 833 3036 Jovis
853 2972 948 3030 lucum

374 3061 411 3122 ad
428 3063 506 3121 Pisae
525 3061 615 3122 undas
636 3065 801 3145 Olympiae,
823 3065 882 3123 sire
905 3065 989 3122 etiam
1007 3058 1159 3137 luctando,

371 3173 419 3212 seu
439 3152 540 3212 durum
559 3152 715 3214 exercendo
733 3154 897 3235 pugillatum

272 3287 278 3302 .
372 3262 419 3301 seu
440 3263 524 3322 grave
543 3242 613 3302 illud
631 3256 771 3303 certamen
790 3244 955 3324 pancration
976 3242 1051 3322 quod
1069 3255 1190 3318 vocant,

376 3335 401 3393 is
420 3334 490 3393 solet
511 3333 587 3415 apud
604 3336 678 3396 cives
698 3357 762 3395 suos
780 3335 914 3416 adspectu
934 3356 993 3396 esse
1012 3336 1196 3416 honoratior,
1272 3330 1274 3335 ¹

372 3437 400 3483 et
416 3428 646 3505 praestantiorem
665 3423 759 3485 sedern
780 3426 811 3484 in
839 3427 1023 3486 certaminum
1047 3426 1211 3509 spectaculis
1231 3423 1344 3493 obtinet,

373 3525 400 3572 et
420 3514 533 3594 publico
552 3515 674 3576 civitatis
695 3527 789 3574 sumtu
815 3515 899 3575 alitur
1291 3507 1294 3515 ’

282 3610 283 3619 ’
372 3615 400 3661 et
417 3603 540 3670 tinuatur
558 3624 672 3664 munere
692 3602 767 3682 quod
787 3605 814 3661 ei
833 3605 870 3662 sit
888 3603 1003 3665 honoris
1022 3618 1256 3682 monumentum

273 3713 308 3752 ro
367 3713 416 3752 seu
436 3693 555 3772 denique
580 3714 663 3753 curru
688 3695 835 3756 victoriam
861 3707 1003 3776 reportet,
1027 3709 1127 3755 cuncta
1151 3694 1220 3753 haec
1239 3689 1346 3770 accipiat

1144 3799 1146 3803 ’
1214 3799 1345 3863 praemra3

371 3874 423 3932 etsi
440 3873 577 3953 dignitate
595 3891 639 3930 me
655 3885 698 3932 est
714 3872 831 3936 inferior
855 3897 862 3932 ε
879 3875 980 3936 robore
997 3876 1072 3934 enim
1089 3869 1276 3956 praestantior

370 3963 515 4022 hominum
537 3982 723 4041 equorumque
741 3979 837 4025 nostra
858 3979 899 4025 est
917 3967 1063 4046 sapientia.

371 4053 520 4111 Perversus
540 4073 608 4114 vero
627 4052 777 4114 admodum
797 4057 850 4114 iste
868 4076 928 4115 mos
948 4067 1009 4130 est,
1030 4075 1119 4132 neque
1140 4055 1243 4133 justum

376 4141 458 4200 bonis
477 4142 583 4220 ingenii
602 4143 708 4203 artibus
729 4147 853 4228 corporis
874 4147 961 4207 robur
981 4146 1122 4225 anteponi.
