2842 4884
495 432 705 477 russosornrs.
848 384 851 390 ¹
1069 410 1134 479 169

72 582 158 653 ciam
182 582 374 657 invadente
394 583 484 654 facta
500 592 574 670 cst,
599 580 653 652 his
677 579 793 655 verbis
816 592 1009 654 memorat:
1025 595 1040 654 ὁ
1056 585 1132 668 ἥλιος

73 692 193 759 ἐκλιπὼν
223 699 273 773 τὴν
297 698 330 760 ἐκ
351 701 395 760 τοῦ
415 693 528 784 ούρανοῦ
552 686 636 783 ἕδρην
665 695 773 784 ἀφανὴς
797 683 974 780 riu‘Quod
999 689 1058 764 hic
1080 691 1133 763 di-

72 795 117 864 cit
140 800 270 867 ἐκλιπεῖν
291 807 341 880 τὴν
364 804 398 866 ἐκ
422 808 467 865 τοῦ
488 797 600 890 cipum
624 794 737 889 ἕδρην,
765 794 919 865 concinit
945 795 1133 896 Xenopha-

71 900 123 971 nis
150 901 270 992 dictu,
298 910 441 973 ι’νιπιῆττειν
471 908 517 969 τὸν
543 912 588 969 τώ
611 902 685 978 ἡλίινν
708 900 801 968 δίσκον
830 905 880 968 καὶ
907 899 992 981 uiroc
1015 910 1136 1000 ὡσπερεὶ

71 1010 262 1097 κενεμβατετν
288 1004 323 1076 ⁶⁵.
351 1008 446 1078 Haec
469 1002 590 1077 aut‘em
614 1030 688 1075 non
717 1000 883 1075 subtilius
906 1007 1048 1081 videtur
1070 1011 1134 1082 in-

71 1116 277 1211 quisivisse,
305 1115 364 1187 sed
393 1116 544 1186 rationes
569 1111 727 1183 attulisse
756 1112 915 1184 sensibus
943 1140 1135 1188 accommo-

71 1219 166 1292 datas
189 1247 258 1293 nec
281 1247 300 1292 a
326 1222 508 1295 communi
533 1217 767 1314 intelligentia
788 1217 1026 1292 abhorrentes.
1055 1223 1133 1295 Alia

71 1349 218 1424 quoque
246 1328 414 1400 feruntur
442 1326 667 1424 physicorum
700 1334 863 1395 veterum
892 1318 1018 1420 placita
1050 1353 1135 1399 cum
1202 1411 1211 1427 ἱ

71 1430 134 1503 hoc
151 1433 387 1530 comparanda
406 1460 413 1503 :
431 1431 568 1520 veluti,
587 1454 670 1501 cum
687 1425 822 1524 lapides
840 1430 1022 1502 interdum
1038 1431 1134 1503 coelo

71 1537 206 1636 delapsi
231 1542 434 1629 ferrentur,
456 1538 601 1636 quidam
620 1533 737 1607 stellas
757 1560 829 1607 esse
852 1550 1029 1631 putarunt
1042 1538 1136 1635 lapi-

72 1644 151 1717 deas
173 1659 239 1719 aut
262 1648 391 1718 ferreas
418 1642 464 1737 66;
487 1643 585 1715 unde
611 1642 719 1714 etiam
742 1642 964 1742 Anaxagoras
986 1644 1136 1717 arbitra-

70 1747 206 1841 batur,
237 1752 418 1848 ingentem
450 1747 639 1844 aliquando
674 1748 831 1819 siderum
862 1751 1004 1823 ruinam
1036 1750 1135 1841 fore,

71 1880 155 1927 cum
182 1853 277 1951 globi
308 1854 404 1927 coelo
424 1854 523 1927 infixi
546 1853 662 1925 subito
683 1854 837 1949 quodam
858 1868 960 1927 motu
979 1858 1136 1928 concussi

71 1973 104 2032 et
117 1959 322 2032 labefactati
342 1962 506 2039 deorsum
526 1960 706 2031 lerrentur
721 1957 755 2029 ⁶⁷.
768 1959 865 2051 Quid
882 1962 1016 2033 mirum
1037 1988 1136 2059 ergo,

72 2066 98 2135 si
119 2066 358 2163 Xenophanes
380 2064 485 2136 simili
507 2065 610 2139 modo
627 2063 706 2135 solis
723 2064 957 2138 delectionem
977 2068 1053 2139 fieri
1073 2093 1138 2164 pu·

74 2174 199 2245 raverit
226 2186 289 2244 aut
314 2170 485 2243 finxerit?
506 2171 646 2243 Dicitur
670 2195 814 2269 quoque
830 2196 1039 2245 memorasse
1057 2173 1137 2245 solis
1260 2233 1266 2244 ,

75 2279 255 2374 quandam
272 2280 524 2373 defectionem,
542 2303 635 2375 quae
651 2302 808 2350 mensem
821 2277 1029 2371 duravisset,
1048 2282 1137 2353 item
1175 2300 1182 2311 “

76 2384 317 2483 alteramque
345 2384 409 2457 lus
432 2384 590 2457 interdiu
616 2385 664 2454 ita
690 2410 833 2480 prorsus
862 2386 1134 2480 obscuraretur,

76 2494 174 2587 quasi
200 2517 272 2563 nox
295 2504 405 2582 esset,
435 2504 478 2561 ut
504 2492 613 2563 refert
637 2490 806 2562 Stohaeus
828 2490 852 2528 ⁶⁸
874 2517 883 2561 :
908 2501 1085 2587 παριςόρηκι
1104 2496 1137 2563 δὲ

15 2636 17 2645 ·
76 2603 122 2665 καὶ
148 2596 281 2690 ἔκλειψιν
310 2601 385 2677 ἡλίου
415 2591 458 2693 ἐφ’
480 2596 545 2668 ὅλον
577 2612 675 2686 μῆνα,
700 2600 751 2662 καὶ
774 2592 891 2687 πάλιν(
906 2595 1062 2692 ἔκλειψιν)
1088 2604 1136 2667 ι’ν-

77 2704 163 2791 τελῇ,
193 2704 253 2787 sige
278 2712 328 2785 τὴν
351 2710 461 2796 ἡμέραν
485 2706 574 2770 νὺκτα
599 2716 730 2796 φανῆναι.

118 2940 179 3019 (65)
209 2940 397 3018 Κινιμβιινιῖν.
419 2933 599 3017 Hesychius:
621 2937 800 3013 νιινιμβιινιῖ·
817 2934 943 3014 parolus
960 2939 1053 2998 πἰινιῒ.
1074 2938 1138 2998 Sui·

79 3024 147 3089 das:
169 3033 361 3108 νιινιμβιιτιῒν·
391 3033 425 3089 sir
446 3023 509 3087 aurai
529 3023 647 3101 βαίνειν,
674 3026 738 3087 arrd
760 3028 912 3107 ἐπιχειρεῖν.
934 3027 979 3086 Cf.
998 3028 1136 3104 Photius,

80 3113 196 3197 Etymol.
219 3122 260 3181 M.
283 3134 310 3180 et
329 3119 448 3201 Etymol.
467 3115 588 3176 Gudian.
609 3117 737 3176 Occurrit
757 3116 831 3196 apud
850 3114 1009 3197 Olympicd.
1031 3118 1060 3176 in
1071 3118 1137 3176 Mc·
1171 3108 1175 3114 ’

80 3214 145 3268 teor.
160 3212 222 3287 tv,
241 3212 263 3269 f.
286 3210 344 3284 68,
365 3214 389 3271 A
410 3233 417 3269 ι
442 3212 484 3269 iia
502 3206 541 3285 μι)
559 3208 739 3291 κενιμβιτῇὅ
759 3207 849 3280 siqu.
870 3206 952 3287 Apud
961 3219 1067 3268 veteres
1077 3209 1139 3286 qui-

81 3294 140 3357 dem
160 3324 218 3363 non
239 3303 341 3383 reperi5
361 3313 453 3361 tamen
475 3302 605 3359 usitatum
619 3300 757 3378 quondam
776 3301 878 3376 fuisse,
900 3299 1139 3378 grammaticorum

82 3404 146 3463 quae
156 3390 239 3450 attuli
249 3392 405 3453 testimonia
421 3390 547 3449 dubitare
569 3409 626 3448 non
644 3390 749 3447 sinunt.

120 3510 244 3662 (ξδέΙῐι
262 3514 400 3592 Diogenes
417 3510 605 3593 Apolloniates
621 3508 695 3591 apud
713 3507 791 3570 stob.
804 3509 915 3589 Eclogg.
935 3510 1018 3590 Phys.
1034 3510 1061 3582 Ι,
1090 3509 1139 3571 25.

83 3615 109 3675 p.
152 3624 168 3661 ο
193 3646 200 3659 .

121 3710 181 3795 (67)
202 3713 341 3772 Plutarch.
354 3710 489 3793 Lysandr.
504 3731 566 3792 cap:
584 3731 629 3769 ιν.
640 3711 758 3791 Diogen.
771 3711 862 3771 Lairt.
872 3711 915 3785 ΙΙ,
931 3730 976 3769 12.
987 3710 1022 3769 cf.
1032 3708 1139 3768 Schau-

84 3795 159 3861 bach.
178 3807 334 3882 Anaxagor.
353 3824 381 3883 p.
407 3800 472 3883 159.

121 3922 181 4005 (68)
200 3926 278 3987 Stob.
300 3927 332 3999 Ι,
356 3923 403 3984 26.
430 3946 458 4005 p.
483 3924 552 3985 522.
575 3921 736 3983 Plutarchus
763 3923 832 4002 plac.
855 3920 923 4002 phil.
942 3922 989 3998 ll,
1008 3919 1057 3999 ad.
1083 3922 1139 3983 Ga-

85 4004 158 4073 lenus
177 4038 237 4097 cap.
258 4014 338 4077 XIV.
359 4014 462 4111 Vocem
477 4011 620 4092 ἔκλειψιν,
634 4034 702 4093 quac
714 4010 788 4093 apud
802 4009 948 4073 Stobaeurn
964 4011 1141 4095 intelligenda
1169 4068 1173 4076 .

87 4111 144 4178 est,
162 4108 262 4166 rectius
280 4104 357 4167 addit
371 4104 498 4166 Galenus.
