2842 4884
535 449 747 498 immensam.
1095 433 1160 500 119

76 588 316 687 Xenophanes
331 607 465 684 autem,
492 597 556 692 qui
572 604 603 666 τὸ
616 597 649 668 ὃν
669 597 861 694 appellavit
876 605 1007 686 Deum,
1026 600 1071 672 de
1088 601 1157 676 hoc

75 721 154 766 uno
175 701 375 794 perlectum
396 700 487 774 illud
506 715 542 773 et
562 703 750 801 aequabile
770 703 896 778 dixisse
920 706 1072 780 videtur.
1092 709 1156 780 Id-

73 826 148 897 que
178 806 335 900 probant
364 819 527 880 veterum
551 811 774 901 testimonia,
806 824 849 882 ut
867 813 1030 905 ejusdem
1061 811 1155 886 illud

74 908 234 982 Timonis
258 910 313 983 ²⁶:

299 1069 348 1080 ——-
375 1069 423 1082 -
451 1030 524 1098 Θεὸν
541 1024 683 1100 ἐπλάσατ’
715 1027 770 1100 ἶσον
798 1041 910 1112 ἁπάντη
1013 1087 1019 1100 .

300 1141 418 1216 ἀσκηθῆ
445 1177 494 1187 -

70 1278 185 1344 Deum
214 1284 308 1348 omni
334 1306 378 1349 ea·
402 1293 507 1372 purte
534 1285 708 1374 aequalem
746 1285 871 1350 statuit
901 1289 937 1353 et
963 1286 1149 1374 ioteqrum.

69 1379 167 1453 Haec
194 1397 317 1456 autem
345 1386 538 1483 aequalitas
567 1384 660 1456 illud
687 1385 861 1480 estquod
890 1385 936 1456 de
962 1386 1038 1458 Deo
1059 1387 1152 1460 sole-

70 1485 129 1558 bat
156 1493 391 1586 praedicare,
419 1507 523 1564 totum
549 1500 687 1563 omnino
711 1518 856 1562 cernere
877 1499 1019 1585 ipsum,
1046 1507 1152 1565 totum

70 1596 221 1688 audire,
264 1613 368 1671 totum
394 1610 567 1693 copitare3
593 1611 636 1668 ut
673 1623 748 1668 una
783 1600 828 1668 sit
859 1599 899 1668 in
924 1623 967 1669 eo
997 1611 1033 1670 et
1065 1626 1152 1695 per-

70 1699 157 1772 fecta
176 1716 333 1775 naturae
355 1707 545 1775 consensio.
565 1703 698 1774 Eadem
719 1705 771 1777 vis
785 1705 1002 1800 significatur
1021 1706 1151 1801 sphae-

71 1831 127 1878 rae
160 1810 427 1901 similitudine,
461 1835 554 1906 quae
587 1810 699 1879 forma
733 1809 893 1879 multum
920 1837 940 1880 a
970 1812 1152 1884 veteribus

71 1911 249 1985 celebrata
280 1929 318 1986 et
354 1941 374 1985 a
412 1914 627 2013 philosophis
652 1915 903 2010 perfectissima
930 1941 1072 2014 semper
1098 1931 1153 1990 est

72 2017 200 2090 habita.
223 2019 439 2119 Pythagorae
464 2021 530 2092 hoc
551 2020 724 2116 placitum
748 2021 917 2092 tribuunt
942 2036 1077 2095 veteres
1095 2033 1148 2094 ²⁹:

73 2140 121 2192 τῶν
150 2138 315 2218 σχημάτων
338 2135 369 2196 τὸ
394 2131 532 2210 astiage
558 2149 682 2224 σφαῖραν
705 2125 781 2195 εἶναι
804 2144 860 2197 τῶν
886 2146 1019 2224 ςερεῶν,
1044 2132 1150 2199 τῶνδὲ
1249 2131 1256 2140 ’

73 2236 207 2303 ἐπιπέδων
231 2240 349 2323 κύκλον,
368 2236 478 2333 idque
509 2261 583 2306 uno
610 2260 671 2306 ore
698 2234 862 2333 plerique
887 2235 1088 2334 philosophi
1111 2248 1150 2310 et

75 2342 312 2415 mathematici
328 2344 605 2442 comprobarunt
632 2371 639 2414 :
670 2343 756 2416 huic
783 2344 882 2416 enim
905 2345 1038 2418 formae
1063 2371 1146 2416 con-

76 2446 187 2543 tigisse
218 2463 264 2520 ut
284 2449 355 2521 sola
379 2475 501 2522 omnes
522 2449 607 2520 alias
621 2451 750 2548 figuras
766 2451 972 2539 contineat,
999 2453 1148 2547 ipsaque

77 2555 219 2625 omnino
252 2556 308 2626 sui
339 2555 462 2627 similis
491 2557 535 2626 sit
565 2568 601 2626 et
630 2554 788 2651 aequalis
810 2556 987 2650 (παντόθεν
1016 2549 1070 2631 lale
1099 2563 1150 2622 καὶ

73 2656 210 2758 ὅμοιος),
238 2687 355 2759 quum
384 2663 498 2734 omnis
530 2665 608 2753 ejus
637 2663 842 2732 extremitas
870 2661 1015 2754 paribus
1042 2661 1148 2730 radiis

79 2787 95 2831 a
119 2768 236 2838 medio
262 2769 458 2865 attingatur
484 2767 516 2836 ²⁸.
539 2769 613 2837 Hac
641 2767 778 2836 ratione
800 2765 945 2842 adducti
959 2777 1048 2851 sunt
1065 2764 1148 2858 phi-

78 2862 234 2966 losophi,
271 2886 315 2944 ut
351 2873 415 2943 hac
444 2875 553 2943 forma
578 2869 794 2966 pulcriorem
822 2867 979 2958 nullam,
1008 2867 1148 2940 nullam

79 2997 196 3049 rerum
213 2981 441 3053 universitati
464 2979 635 3075 aptiorem
659 2977 819 3048 dicerent
846 3003 853 3045 :
881 3000 974 3072 quae
1005 2987 1147 3048 senten-

79 3079 123 3150 tia
143 3083 369 3183 Pythagoreis
396 3110 481 3156 cum
510 3082 656 3154 Platone
693 3094 730 3153 et
761 3081 950 3153 Aristotele
983 3104 1147 3159 commu·-

78 3187 129 3257 nis
157 3191 327 3288 deinceps
360 3193 466 3264 etiam
490 3220 510 3262 a
539 3188 810 3286 posterioribus,
828 3189 1034 3284 praesertim
1057 3190 1146 3259 Stoi-

81 3292 145 3386 cis,
170 3297 321 3394 aliisque
346 3297 473 3369 adscita
503 3309 554 3368 est
584 3306 619 3366 ¹⁹.
644 3294 758 3366 Italici
784 3307 907 3366 autem
932 3293 1145 3392 philosophi,

116 3523 175 3602 (26)
197 3525 281 3608 Apud
310 3527 387 3586 Sext.
415 3525 495 3604 Emp.
523 3523 543 3582 l.
573 3523 593 3580 l.
625 3521 753 3590 desiisse
781 3521 957 3582 Vocabulum
986 3523 1076 3581 rarius
1102 3529 1145 3576 est

82 3599 229 3692 Hesychius
241 3628 268 3673 et
281 3615 445 3702 Rustatlrius
455 3615 674 3693 interpretantur
682 3611 823 3685 α’βλιβιίς.

119 3728 182 3811 (27)
199 3734 283 3814 Diog.
306 3734 398 3793 Laert.
421 3732 490 3791 VllI
502 3776 510 3807 ,
532 3729 579 3791 35.

120 3843 181 3994 (286)
202 3850 299 3908 Cicero
312 3848 347 3908 de
365 3847 429 3908 Nat.
444 3847 489 3917 D,
512 3845 698 3920 Il‚18.cum
718 3858 778 3907 not.
802 3843 929 3917 Davisii5
952 3837 986 3898 de
1007 3837 1146 3899 Universo

85 3945 138 4008 ⁶³1³·
186 3981 194 4008 ,
216 3937 285 3996 Ern.

120 4046 181 4128 (²9)
200 4051 266 4112 Vid.
296 4051 404 4112 Ocellus
424 4051 525 4112 Lucan.
546 4072 606 4132 cap.
630 4051 664 4124 1,
691 4071 720 4128 p.
749 4045 817 4121 514.
852 4055 880 4102 et
911 4041 1040 4101 Timaeus
1065 4041 1146 4101 Locr.

86 4151 110 4208 r·
125 4133 179 4218 547
197 4161 237 4219 sq.
259 4143 326 4224 (ed.
349 4143 410 4204 cal.
425 4143 436 4222 )
450 4143 529 4202 Prata
549 4141 579 4199 a
599 4140 712 4198 Timaeo
735 4157 765 4217 p.
779 4134 836 4209 sa,
858 4131 892 4193 a.
912 4130 977 4194 σου.
996 4130 1146 4213 wylan.
