2842 4884
522 434 736 478 rnuosouus.
1102 416 1165 483 1411

89 596 172 675 tus,
194 583 237 654 in
252 582 432 659 veteribus
450 582 650 679 judicandis
670 584 848 681 iniquior,
868 596 1057 684 postquam
1075 586 1167 661 dixit

86 691 353 789 Xenophanem
376 692 592 790 principium
615 692 737 763 fecisse
758 716 878 764 unum
900 706 938 766 et
957 706 1165 789 aeternum,

87 800 286 898 subjungit
309 829 318 871 ι
341 804 427 872 πάλιν
452 803 482 871 δὲ
505 807 606 871 τούτων
633 804 841 892 ἐπιλαθόμενος
864 810 898 873 ἐκ
929 820 978 887 τῆς
1000 821 1053 898 γῆς
1082 818 1166 901 φῦναι

85 908 217 987 Ιν’ίπνιντνκ
238 916 348 1003 εἴρηκεν
362 917 383 977 ¹.
404 907 499 979 Haec
523 906 646 981 merito
663 918 707 978 ut
729 909 888 1002 άξὺμφωνα
911 908 1144 1005 reprehendit
1154 935 1173 1003 ς·

86 1013 179 1109 quid
207 1014 306 1085 euim
332 1011 517 1084 absurdius
542 1037 651 1109 quam
677 1023 866 1084 aeternum
891 1025 1048 1087 statuere
1076 1016 1165 1088 uni-

83 1145 240 1193 versum
266 1119 433 1217 idemque
459 1146 479 1191 e
508 1118 641 1192 tellure
667 1130 795 1189 natum
819 1118 973 1211 dicere?
1002 1122 1080 1193 Non
1103 1134 1164 1195 ta-

80 1250 173 1298 men
192 1224 299 1317 vidit,
310 1226 417 1319 istius
434 1225 577 1321 culpae,
595 1249 704 1323 quam
725 1225 766 1295 in
782 1224 1038 1321 Xenophanem
1057 1239 1166 1301 trans-

79 1330 172 1425 fert,
195 1356 233 1403 se
250 1356 323 1404 esse
343 1343 523 1404 auctorem
541 1343 578 1403 et
595 1329 688 1415 male
709 1331 978 1427 interpretando
1005 1347 1165 1405 mentem

80 1440 165 1531 ejus
191 1437 299 1534 plane
324 1437 533 1509 obscurasse.
560 1438 726 1507 Errorem
743 1437 853 1508 istum
869 1440 943 1531 jam
961 1437 1165 1533 Simplicius
1287 1476 1292 1486 ¹

79 1544 241 1635 refellit,
268 1559 436 1641 recteque
457 1544 578 1615 docuit
596 1556 632 1615 et
655 1543 889 1641 Pythagoreos
909 1556 946 1617 et
970 1544 1165 1642 Xenopha-

77 1677 189 1741 nem,
206 1651 470 1740 Parmenidem,
492 1648 648 1747 aliosque
661 1657 698 1720 τά
723 1659 826 1748 paese
845 1656 898 1721 ἀπὸ
914 1668 970 1720 τῶν
992 1654 1063 1747 ὑπὲρ
1084 1659 1163 1747 φύσιν

77 1782 282 1855 separasse,
299 1757 416 1827 sinon
442 1754 547 1851 plane
564 1769 601 1827 et
618 1754 798 1846 distincte,
822 1768 860 1826 at
874 1756 1020 1827 confuse
1042 1768 1164 1829 tamen

76 1878 117 1937 et
149 1864 279 1953 tacite,
304 1886 376 1958 quo
400 1860 597 1933 multorum
619 1861 892 1959 intelligentiam
916 1863 1103 1960 fugerent,
1128 1860 1168 1958 τῇ

78 1976 216 2067 ἀσαφείᾳ
238 1972 428 2045 λανθάνοντες
448 1972 508 2063 rsit
531 1971 673 2045 πολλούς’.
697 1968 826 2065 Itaque
843 1968 1100 2040 nemitceamus
1120 1992 1163 2040 ea

79 2079 185 2147 inter
213 2098 305 2172 quae
327 2073 429 2146 nulla
455 2073 500 2145 sit
525 2073 669 2145 rationis
696 2074 938 2164 necessitudo,
968 2073 1162 2172 Xenopha-

81 2185 139 2253 nis
167 2182 374 2279 opinionem
402 2179 447 2254 de
474 2205 596 2253 rerum
619 2192 748 2252 natura
777 2181 920 2254 seorsim
948 2179 1162 2280 explicaturi

83 2312 224 2360 sumus.

586 2570 661 2655 32.

138 2786 281 2858 Rerum
294 2782 465 2881 principia
478 2791 689 2879 quaerentes
707 2780 805 2852 unde
820 2789 969 2851 naturae
988 2778 1161 2877 originem

88 2889 328 2992 Xenophanes
351 2892 522 2982 duxerit,
549 2891 589 2961 in
615 2914 780 2987 magnam
802 2889 920 2961 statim
947 2883 1160 2961 offendimus

132 3167 179 3245 (1)
201 3162 340 3225 Theodor.
368 3161 597 3244 Therap.Serm.
617 3158 668 3220 IV.
688 3158 804 3236 Reliqua
829 3155 914 3218 verba
936 3157 1060 3239 superius
1081 3156 1163 3224 attuli

92 3268 151 3315 not.
174 3259 223 3339 73.
236 3256 248 3331 1
262 3255 339 3314 ldem
360 3252 447 3313 Serm.
466 3249 496 3311 ll
507 3298 515 3326 ,
535 3273 563 3332 p.
581 3272 619 3310 aa
640 3248 730 3308 dicit:
748 3247 892 3324 Ξενοφάνης
910 3244 947 3309 li
965 3250 979 3309 ν’
997 3248 1162 3324 Κολιφιίνινε
1252 3265 1255 3268 ·

94 3342 124 3406 ri
143 3356 199 3425 arcis
221 3346 333 3420 diluo,
354 3350 385 3405 ἐκ
405 3343 442 3405 Ν
462 3354 510 3412 τῖε
535 3354 588 3415 γῆς
608 3338 645 3401 rai
664 3340 766 3402 woltra.
789 3341 926 3400 insimili
946 3360 1039 3399 errore
1063 3360 1161 3403 111111·

91 3434 173 3499 batur
195 3425 315 3499 Wolfius
336 3434 371 3495 ad
395 3434 506 3514 Origen.
525 3432 597 3492 Phil.
620 3443 676 3491 not.
698 3430 767 3490 611
789 3451 818 3513 9.

133 3573 175 3649 (2)
196 3569 318 3652 Simplio.
345 3569 376 3627 in
398 3568 481 3648 Phys.
507 3568 555 3627 fol.
583 3565 602 3627 5
624 3565 658 3625 Β.
684 3564 789 3623 Ultima
812 3562 880 3624 haee
902 3563 986 3623 verba
1009 3560 1048 3621 ad
1072 3557 1171 3617 meaturx

94 3662 257 3719 sententiam
277 3655 500 3733 accommodavi,
517 3657 576 3735 ipse
598 3657 671 3713 enim
697 3652 778 3713 aliter
797 3652 966 3711 intellexisse
988 3648 1099 3708 ridetur
1113 3693 1121 3720 ‚
1137 3648 1161 3706 si

96 3765 282 3830 comparemus
305 3767 373 3825 quae
395 3745 488 3826 paullo
513 3756 576 3803 ante
596 3742 664 3803 dicit
686 3766 693 3801 :
714 3740 862 3820 zsvoqa'm
874 3785 885 3813 ,
914 3772 954 3783 --
981 3733 1158 3818 napata„

95 3838 139 3898 ani
159 3845 182 3901 ol
200 3840 378 3921 Πνθαγνρεῖνι
399 3837 629 3903 τελεωτάτην
649 3831 698 3911 μὲν
718 3832 780 3915 arpi
798 3860 829 3892 rs
848 3840 898 3891 vair
914 3834 1031 3906 φνννιιὸν
1047 3825 1093 3889 nal
1110 3838 1161 3888 riis

94 3927 156 4013 o‘rlp
177 3932 253 4008 φᾶννν
278 3934 350 3993 ἀλλ’
377 3925 623 4004 alstrsparoidn
647 3923 692 3992 1111
718 3926 815 3989 laeorols
844 3915 1007 3998 φιλοσοφίαν
1027 3918 1157 4000 rapadi-

95 4014 210 4094 doisqea.
221 4020 402 4103 Xenophanis
412 4016 596 4100 philosophia,
614 4027 746 4095 quantum
764 4022 791 4069 et
807 4010 889 4068 nohis
906 4022 933 4067 11
952 4008 1007 4089 ipsi
1016 4008 1159 4091 Simplicio

94 4108 232 4191 innotuit,
257 4132 344 4190 neque
363 4109 524 4175 τελεωτάτη
544 4127 632 4186 neque
656 4098 866 4179 summellae
888 4099 943 4159 dici
959 4112 1062 4181 potest.

234 4212 262 4283 I.
970 4224 1009 4268 11
