2842 4884
560 433 741 488 rumorum.
1147 414 1192 478 53

165 609 214 656 vs.
240 583 273 674 4.
290 587 391 673 δόκος,
409 582 447 653 Ιι.
475 607 505 656 e.
532 585 645 665 δόκησις
660 583 719 658 vel
734 587 828 672 δόξα,
854 585 1051 682 interprete
1070 586 1190 660 Sexto.

112 693 231 763 Etiam
243 690 444 764 Archiloch.
471 692 593 789 fragm.
622 691 732 783 XIV‚1
747 717 783 790 p.
797 694 857 790 98.
879 694 917 763 in
936 691 1080 766 Collect.
1094 693 1187 794 Lips.

110 810 151 870 et
175 796 411 870 Callimachus
434 796 501 870 hoc
525 798 670 869 nomine
686 799 744 870 usi
769 810 877 870 sunt:
902 798 947 872 cf.
982 798 1115 872 Fabric.
1145 801 1191 874 ad

110 904 208 975 Sext.
227 905 331 1001 Emp.
350 929 385 1001 Ρ.
404 931 461 1003 71.
480 902 687 1003 Antiquom
709 904 927 980 vocabulum
950 904 1090 1005 vulgari
1107 931 1188 1004 per-

108 1013 267 1085 mutavit
289 1011 527 1109 Epiphanius,
547 1011 614 1084 hoc
642 1010 781 1084 dictum
803 1013 852 1083 ita
878 1013 1034 1086 referens
1050 1040 1058 1084 :
1076 1015 1189 1095 δόκησις

107 1114 134 1188 οκ
154 1124 201 1190 ἐπὶ
223 1136 293 1192 πᾶσι
307 1120 447 1191 τέτυκται.
462 1118 540 1196 adv.
554 1120 724 1194 Haereses
737 1119 776 1191 L.
790 1119 862 1211 ΙΙΙ,
875 1119 953 1191 Vol.
971 1121 1009 1212 Ι,
1026 1146 1061 1218 Ρ.
1083 1120 1190 1220 1087.

605 1392 677 1461 XV.

208 1601 308 1665 Ταῦτα
331 1597 487 1682 δεδόξαςοιι
509 1601 562 1689 μὲν
590 1604 699 1668 ἐοικότα
722 1615 776 1675 τοῖς
801 1602 934 1688 ἐτύμοισι.

154 1806 291 1881 Laudat
302 1809 401 1883 hunc
415 1836 559 1886 versum
571 1810 787 1886 Plutarchus
801 1813 960 1910 Sympos.
974 1808 1026 1878 Ill
1032 1833 1093 1906 ,.Ρ
1112 1804 1185 1906 746

102 1915 144 1983 Β.
169 1915 234 1988 uhi
256 1917 457 2014 proverbii
448 1931 558 1990 mstar
570 1932 780 2018 usurpatur
794 1918 952 1991 Eadem
943 1943 982 1988 m
997 1915 1075 1987 hoc
1078 1939 1186 1988 versu

101 2017 302 2094 affirmandi
326 2023 494 2098 modestia
507 2027 679 2098 cernitur.
695 2067 743 2080 —-
754 2026 912 2108 δεδόξαςαι
924 2021 1045 2119 scripsi
1059 2045 1123 2118 pro
1136 2021 1184 2090 ss-

99 2128 278 2219 δόξασὲιαι,
315 2133 455 2228 quod
445 2158 485 2203 111
519 2132 711 2206 Plutarcho
746 2132 880 2230 legitur
911 2130 959 2204 oh
991 2128 1184 2204 verborum

99 2257 250 2307 nexum.
268 2279 316 2290 -
333 2247 441 2310 ἐοικότα
457 2261 515 2320 τοῖς
525 2247 648 2334 ἐτύμοισι
669 2238 861 2312 modestius
873 2249 926 2312 est
942 2236 1061 2308 dicere
1074 2259 1185 2332 quam

101 2339 219 2435 ἔτυμα,
246 2356 354 2443 atque
381 2345 439 2418 hic
464 2372 550 2421 usus
579 2347 679 2424 verbi
704 2355 824 2420 ἐσιέναι
846 2347 955 2418 etiam
980 2344 1019 2415 in
1043 2340 1184 2440 elegan-
1222 2387 1225 2391 f

103 2458 180 2518 tem
198 2475 398 2526 sermonem
416 2453 607 2527 translatus
624 2467 686 2528 est.
701 2454 802 2526 Plato
818 2450 949 2551 Cratyl.
970 2477 1006 2548 p.
1022 2447 1112 2541 416,
1126 2448 1186 2519 Α.

102 2555 199 2636 ἔοικάς
226 2588 261 2653 γε
289 2562 393 2656 ὅρὲιως
414 2566 534 2658 λέγοντι.
568 2562 659 2635 Ihid.
691 2588 727 2661 Ρ.
764 2560 864 2659 409,
897 2559 940 2631 A.
975 2559 1065 2655 Rep.
1100 2556 1184 2646 III,

104 2689 142 2758 Ρ
175 2663 273 2794 414
297 2666 336 2738 C

601 2875 688 2941 XVI.

206 3078 294 3149 Οὔτοι
317 3073 363 3150 ἀπ’
388 3092 480 3178 ἀρχῆς
503 3091 599 3151 πάντα
628 3084 691 3149 θεοὶ
715 3085 831 3159 θνητοῖς
850 3081 1024 3167 ὑπέδειξαν,

205 3188 282 3256 ἀλλὰ
305 3194 401 3282 χρόνῳ
425 3195 568 3268 ζητοῦντες
596 3194 798 3283 ἐφευρισιιοοσιν
827 3187 955 3281 ἄμεινον.

156 3400 288 3471 Versus
315 3399 451 3472 laudati
483 3401 674 3475 aStohaeo
701 3402 741 3472 in
758 3399 919 3500 Florileg.
946 3401 1012 3470 Tit.
1039 3398 1185 3490 XXIX,

105 3516 191 3576 sect.
217 3504 275 3595 4ι.
293 3506 349 3578 ed.
374 3505 482 3580 Gaisf.
509 3521 547 3582 et
575 3509 614 3580 in
638 3507 757 3606 Eclog.
774 3507 815 3578 P.
833 3509 874 3598 Ι,
892 3532 928 3604 Ρ.
944 3505 1033 3596 224,
1047 3505 1086 3574 ιιι
1107 3503 1187 3602 qui-

106 3612 176 3686 bus
199 3609 406 3687 Goislordtii
423 3615 614 3692 lectionem
642 3617 756 3690 secuti
785 3640 920 3687 sumus
946 3613 1013 3685 Pro
1035 3614 1186 3695 ὑπέδειξαν

110 3877 176 3944 XV.
200 3883 276 3946 Haec
296 3888 413 3967 quidem
431 3907 499 3952 vero
518 3889 650 3954 videntur
669 3890 777 3950 similia.

109 4009 191 4089 XVl.
215 4015 280 4076 Non
299 4020 391 4078 omnia
410 4018 504 4079 statim
524 4020 560 4080 ab
577 4021 660 4080 initio
681 4021 729 4078 Dii
749 4026 939 4078 monstrarunt
957 4013 1141 4089 mortalibus,

211 4105 260 4166 sed
280 4111 412 4189 temporis
431 4128 578 4191 progressu
596 4111 650 4191 ipsi
666 4109 781 4169 meliora
800 4105 957 4185 quaerendo
975 4115 1148 4187 reperemnt.
