<?xml version="1.0" encoding="UTF-8"?>
<!DOCTYPE html PUBLIC "-//W3C//DTD XHTML 1.0 Transitional//EN"
    "http://www.w3.org/TR/xhtml1/DTD/xhtml1-transitional.dtd">
<html xmlns="http://www.w3.org/1999/xhtml" xml:lang="en" lang="en">
 <head>
  <title>
</title>
<meta http-equiv="Content-Type" content="text/html;charset=utf-8" />
  <meta name='ocr-system' content='tesseract 3.04.00' />
  <meta name='ocr-capabilities' content='ocr_page ocr_carea ocr_par ocr_line ocrx_word'/>
</head>
<body>
  <div class='ocr_page' id='page_1' title='image "./xenophaniscolop01karsgoog_0024.png"; bbox 0 0 2842 4884; ppageno 0'>
   <div class='ocr_carea' id='block_1_1' title="bbox 281 391 303 430">
    <p class='ocr_par' dir='ltr' id='par_1_1' title="bbox 281 391 303 430">
     <span class='ocr_line' id='line_1_1' title="bbox 281 391 303 430; baseline 0 0"><span class='ocrx_word' id='word_1_1' title='bbox 281 391 303 430; x_wconf 75' lang='lat'>1</span> 
     </span>
    </p>
   </div>
   <div class='ocr_carea' id='block_1_2' title="bbox 276 545 1356 1038">
    <p class='ocr_par' dir='ltr' id='par_1_2' title="bbox 276 545 1356 1038">
     <span class='ocr_line' id='line_1_2' title="bbox 280 545 1356 643; baseline 0.007 -29"><span class='ocrx_word' id='word_1_2' title='bbox 280 555 421 635; x_wconf 91' lang='lat' dir='ltr'><strong>tamen,</strong></span> <span class='ocrx_word' id='word_1_3' title='bbox 458 546 621 641; x_wconf 85' lang='lat' dir='ltr'><strong>quamvis</strong></span> <span class='ocrx_word' id='word_1_4' title='bbox 658 545 764 643; x_wconf 90' lang='lat' dir='ltr'><strong>plena</strong></span> <span class='ocrx_word' id='word_1_5' title='bbox 796 548 842 620; x_wconf 87' lang='lat' dir='ltr'><strong>sit</strong></span> <span class='ocrx_word' id='word_1_6' title='bbox 868 549 1054 620; x_wconf 85' lang='lat' dir='ltr'><strong>fictionum</strong></span> <span class='ocrx_word' id='word_1_7' title='bbox 1073 572 1196 621; x_wconf 89' lang='lat' dir='ltr'><strong>rerum</strong></span> <span class='ocrx_word' id='word_1_8' title='bbox 1226 552 1356 624; x_wconf 85' lang='lat' dir='ltr'><strong>verita-</strong></span> 
     </span>
     <span class='ocr_line' id='line_1_3' title="bbox 280 676 1354 776; baseline 0.004 -28"><span class='ocrx_word' id='word_1_9' title='bbox 280 687 353 748; x_wconf 87' lang='lat' dir='ltr'><strong>tem</strong></span> <span class='ocrx_word' id='word_1_10' title='bbox 376 676 643 750; x_wconf 90' lang='lat' dir='ltr'><strong>obscurantium</strong></span> <span class='ocrx_word' id='word_1_11' title='bbox 655 732 668 768; x_wconf 98' lang='lat'><strong>,</strong></span> <span class='ocrx_word' id='word_1_12' title='bbox 694 692 868 775; x_wconf 86' lang='lat' dir='ltr'>apparent</span> <span class='ocrx_word' id='word_1_13' title='bbox 885 680 925 749; x_wconf 92' lang='lat' dir='ltr'><strong>in</strong></span> <span class='ocrx_word' id='word_1_14' title='bbox 950 680 1004 752; x_wconf 85' lang='lat' dir='ltr'><strong>his</strong></span> <span class='ocrx_word' id='word_1_15' title='bbox 1027 679 1267 776; x_wconf 89' lang='lat' dir='ltr'><strong>praeclarioris</strong></span> <span class='ocrx_word' id='word_1_16' title='bbox 1289 682 1354 752; x_wconf 93' lang='lat' dir='ltr'><strong>in-</strong></span> 
     </span>
     <span class='ocr_line' id='line_1_4' title="bbox 277 808 1356 912; baseline 0.001 -31"><span class='ocrx_word' id='word_1_17' title='bbox 277 809 374 906; x_wconf 87' lang='lat' dir='ltr'><strong>genii</strong></span> <span class='ocrx_word' id='word_1_18' title='bbox 389 808 544 906; x_wconf 84' lang='lat' dir='ltr'><strong>vestigia,</strong></span> <span class='ocrx_word' id='word_1_19' title='bbox 561 809 692 907; x_wconf 92' lang='lat' dir='ltr'><strong>quibus</strong></span> <span class='ocrx_word' id='word_1_20' title='bbox 705 835 809 886; x_wconf 88' lang='lat' dir='ltr'><strong>verae</strong></span> <span class='ocrx_word' id='word_1_21' title='bbox 833 810 1075 909; x_wconf 86' lang='lat' dir='ltr'><strong>philosophiae</strong></span> <span class='ocrx_word' id='word_1_22' title='bbox 1095 813 1169 888; x_wconf 87' lang='lat' dir='ltr'><strong>vim</strong></span> <span class='ocrx_word' id='word_1_23' title='bbox 1179 839 1356 912; x_wconf 77' lang='lat' dir='ltr'><strong>agnoscas.</strong></span> 
     </span>
     <span class='ocr_line' id='line_1_5' title="bbox 276 935 1020 1038; baseline 0.007 -31"><span class='ocrx_word' id='word_1_24' title='bbox 276 937 310 1007; x_wconf 89' lang='lat' dir='ltr'><strong>E</strong></span> <span class='ocrx_word' id='word_1_25' title='bbox 334 935 460 1009; x_wconf 90' lang='lat' dir='ltr'><strong>multis</strong></span> <span class='ocrx_word' id='word_1_26' title='bbox 482 963 597 1035; x_wconf 89' lang='lat' dir='ltr'><strong>pauca</strong></span> <span class='ocrx_word' id='word_1_27' title='bbox 627 938 821 1012; x_wconf 84' lang='lat' dir='ltr'><strong>afferamus</strong></span> <span class='ocrx_word' id='word_1_28' title='bbox 845 939 1020 1038; x_wconf 71' lang='lat' dir='ltr'><strong>exempla</strong></span> 
     </span>
    </p>
   </div>
   <div class='ocr_carea' id='block_1_3' title="bbox 325 1171 1355 1272">
    <p class='ocr_par' dir='ltr' id='par_1_3' title="bbox 325 1171 1355 1272">
     <span class='ocr_line' id='line_1_6' title="bbox 325 1171 1355 1272; baseline 0.005 -30"><span class='ocrx_word' id='word_1_29' title='bbox 325 1171 568 1269; x_wconf 85' lang='lat' dir='ltr'><strong>Philosophiae</strong></span> <span class='ocrx_word' id='word_1_30' title='bbox 582 1173 635 1248; x_wconf 86' lang='lat' dir='ltr'><strong>vis</strong></span> <span class='ocrx_word' id='word_1_31' title='bbox 649 1174 842 1272; x_wconf 86' lang='lat' dir='ltr'><strong>praecipue</strong></span> <span class='ocrx_word' id='word_1_32' title='bbox 865 1175 907 1241; x_wconf 90' lang='lat' dir='ltr'><strong>in</strong></span> <span class='ocrx_word' id='word_1_33' title='bbox 926 1197 969 1243; x_wconf 90' lang='lat' dir='ltr'><strong>eo</strong></span> <span class='ocrx_word' id='word_1_34' title='bbox 991 1173 1153 1244; x_wconf 88' lang='lat' dir='ltr'><strong>cernitur</strong></span> <span class='ocrx_word' id='word_1_35' title='bbox 1168 1185 1211 1245; x_wconf 89' lang='lat' dir='ltr'><strong>ut</strong></span> <span class='ocrx_word' id='word_1_36' title='bbox 1228 1198 1355 1247; x_wconf 90' lang='lat' dir='ltr'><strong>rerum</strong></span> 
     </span>
    </p>
   </div>
   <div class='ocr_carea' id='block_1_4' title="bbox 266 1303 1419 4015">
    <p class='ocr_par' dir='ltr' id='par_1_4' title="bbox 266 1303 1419 4015">
     <span class='ocr_line' id='line_1_7' title="bbox 276 1303 1352 1402; baseline 0.002 -26"><span class='ocrx_word' id='word_1_37' title='bbox 276 1329 405 1402; x_wconf 91' lang='lat' dir='ltr'><strong>genera</strong></span> <span class='ocrx_word' id='word_1_38' title='bbox 432 1305 623 1402; x_wconf 81' lang='lat' dir='ltr'><strong>anquirat,</strong></span> <span class='ocrx_word' id='word_1_39' title='bbox 650 1329 745 1402; x_wconf 90' lang='lat' dir='ltr'><strong>quae</strong></span> <span class='ocrx_word' id='word_1_40' title='bbox 770 1305 808 1374; x_wconf 93' lang='lat' dir='ltr'><strong>in</strong></span> <span class='ocrx_word' id='word_1_41' title='bbox 832 1315 960 1375; x_wconf 91' lang='lat' dir='ltr'><strong>natura</strong></span> <span class='ocrx_word' id='word_1_42' title='bbox 988 1303 1158 1379; x_wconf 85' lang='lat' dir='ltr'><strong>videntur</strong></span> <span class='ocrx_word' id='word_1_43' title='bbox 1182 1305 1352 1378; x_wconf 90' lang='lat' dir='ltr'><strong>dissoluta</strong></span> 
     </span>
     <span class='ocr_line' id='line_1_8' title="bbox 276 1434 1354 1535; baseline 0.002 -28"><span class='ocrx_word' id='word_1_44' title='bbox 276 1446 315 1507; x_wconf 94' lang='lat' dir='ltr'><strong>et</strong></span> <span class='ocrx_word' id='word_1_45' title='bbox 328 1434 502 1533; x_wconf 87' lang='lat' dir='ltr'><strong>dispersa,</strong></span> <span class='ocrx_word' id='word_1_46' title='bbox 523 1436 659 1508; x_wconf 89' lang='lat' dir='ltr'><strong>ratione</strong></span> <span class='ocrx_word' id='word_1_47' title='bbox 672 1449 881 1532; x_wconf 84' lang='lat' dir='ltr'><strong>componat,</strong></span> <span class='ocrx_word' id='word_1_48' title='bbox 895 1435 1032 1534; x_wconf 87' lang='lat' dir='ltr'><strong>legibus</strong></span> <span class='ocrx_word' id='word_1_49' title='bbox 1049 1435 1259 1535; x_wconf 83' lang='lat' dir='ltr'><strong>adstringat,</strong></span> <span class='ocrx_word' id='word_1_50' title='bbox 1276 1465 1354 1511; x_wconf 92' lang='lat' dir='ltr'><strong>cer-</strong></span> 
     </span>
     <span class='ocr_line' id='line_1_9' title="bbox 273 1564 1354 1667; baseline 0.007 -33"><span class='ocrx_word' id='word_1_51' title='bbox 273 1565 391 1662; x_wconf 82' lang='lat' dir='ltr'><strong>tisque</strong></span> <span class='ocrx_word' id='word_1_52' title='bbox 420 1564 699 1662; x_wconf 85' lang='lat' dir='ltr'><strong>comprehendat</strong></span> <span class='ocrx_word' id='word_1_53' title='bbox 730 1567 852 1638; x_wconf 87' lang='lat' dir='ltr'><strong>formis</strong></span> <span class='ocrx_word' id='word_1_54' title='bbox 881 1579 1003 1638; x_wconf 91' lang='lat' dir='ltr'><strong>mente</strong></span> <span class='ocrx_word' id='word_1_55' title='bbox 1035 1568 1233 1664; x_wconf 83' lang='lat' dir='ltr'><strong>expressis,</strong></span> <span class='ocrx_word' id='word_1_56' title='bbox 1262 1594 1354 1667; x_wconf 93' lang='lat' dir='ltr'><strong>quas</strong></span> 
     </span>
     <span class='ocr_line' id='line_1_10' title="bbox 274 1695 1352 1797; baseline 0.01 -33"><span class='ocrx_word' id='word_1_57' title='bbox 274 1695 462 1782; x_wconf 84' lang='lat' dir='ltr'><strong>intueatur</strong></span> <span class='ocrx_word' id='word_1_58' title='bbox 485 1707 659 1793; x_wconf 78' lang='lat' dir='ltr'><strong>tanquam</strong></span> <span class='ocrx_word' id='word_1_59' title='bbox 691 1695 857 1793; x_wconf 84' lang='lat' dir='ltr'><strong>exempla</strong></span> <span class='ocrx_word' id='word_1_60' title='bbox 885 1709 923 1769; x_wconf 90' lang='lat' dir='ltr'><strong>et</strong></span> <span class='ocrx_word' id='word_1_61' title='bbox 948 1699 1080 1794; x_wconf 92' lang='lat' dir='ltr'><strong>species</strong></span> <span class='ocrx_word' id='word_1_62' title='bbox 1103 1720 1229 1769; x_wconf 91' lang='lat' dir='ltr'><strong>eorum</strong></span> <span class='ocrx_word' id='word_1_63' title='bbox 1256 1724 1352 1797; x_wconf 90' lang='lat' dir='ltr'><strong>quae</strong></span> 
     </span>
     <span class='ocr_line' id='line_1_11' title="bbox 275 1823 1352 1922; baseline 0.005 -26"><span class='ocrx_word' id='word_1_64' title='bbox 275 1823 386 1898; x_wconf 88' lang='lat' dir='ltr'><strong>oculis</strong></span> <span class='ocrx_word' id='word_1_65' title='bbox 420 1825 679 1922; x_wconf 80' lang='lat' dir='ltr'><strong>adspiciuntur.</strong></span> <span class='ocrx_word' id='word_1_66' title='bbox 718 1826 833 1922; x_wconf 88' lang='lat' dir='ltr'><strong>Cujus</strong></span> <span class='ocrx_word' id='word_1_67' title='bbox 867 1827 940 1902; x_wconf 83' lang='lat' dir='ltr'><strong>sive</strong></span> <span class='ocrx_word' id='word_1_68' title='bbox 976 1827 1059 1897; x_wconf 90' lang='lat' dir='ltr'><strong>artis</strong></span> <span class='ocrx_word' id='word_1_69' title='bbox 1092 1827 1165 1903; x_wconf 90' lang='lat' dir='ltr'><strong>sive</strong></span> <span class='ocrx_word' id='word_1_70' title='bbox 1198 1830 1352 1901; x_wconf 88' lang='lat' dir='ltr'><strong>notionis</strong></span> 
     </span>
     <span class='ocr_line' id='line_1_12' title="bbox 274 1957 1350 2054; baseline 0.003 -27"><span class='ocrx_word' id='word_1_71' title='bbox 274 1981 391 2054; x_wconf 90' lang='lat' dir='ltr'><strong>quum</strong></span> <span class='ocrx_word' id='word_1_72' title='bbox 421 1957 494 2053; x_wconf 90' lang='lat' dir='ltr'><strong>ipsa</strong></span> <span class='ocrx_word' id='word_1_73' title='bbox 526 1969 654 2027; x_wconf 90' lang='lat' dir='ltr'><strong>natura</strong></span> <span class='ocrx_word' id='word_1_74' title='bbox 684 1982 831 2030; x_wconf 87' lang='lat' dir='ltr'><strong>sensum</strong></span> <span class='ocrx_word' id='word_1_75' title='bbox 858 1957 1041 2054; x_wconf 88' lang='lat' dir='ltr'><strong>quendam</strong></span> <span class='ocrx_word' id='word_1_76' title='bbox 1063 1958 1103 2026; x_wconf 90' lang='lat' dir='ltr'><strong>in</strong></span> <span class='ocrx_word' id='word_1_77' title='bbox 1128 1959 1254 2028; x_wconf 89' lang='lat' dir='ltr'><strong>animis</strong></span> <span class='ocrx_word' id='word_1_78' title='bbox 1277 1963 1350 2030; x_wconf 89' lang='lat' dir='ltr'><strong>im-</strong></span> 
     </span>
     <span class='ocr_line' id='line_1_13' title="bbox 272 2086 1353 2184; baseline 0.006 -28"><span class='ocrx_word' id='word_1_79' title='bbox 272 2087 458 2184; x_wconf 80' lang='lat' dir='ltr'><strong>presserit,</strong></span> <span class='ocrx_word' id='word_1_80' title='bbox 479 2113 561 2184; x_wconf 64' lang='lat' dir='ltr'><strong>quov</strong></span> <span class='ocrx_word' id='word_1_81' title='bbox 575 2087 682 2159; x_wconf 87' lang='lat' dir='ltr'><strong>rudes</strong></span> <span class='ocrx_word' id='word_1_82' title='bbox 706 2088 816 2160; x_wconf 89' lang='lat' dir='ltr'><strong>etiam</strong></span> <span class='ocrx_word' id='word_1_83' title='bbox 836 2086 996 2160; x_wconf 91' lang='lat' dir='ltr'><strong>homines</strong></span> <span class='ocrx_word' id='word_1_84' title='bbox 1021 2099 1057 2158; x_wconf 90' lang='lat' dir='ltr'><strong>et</strong></span> <span class='ocrx_word' id='word_1_85' title='bbox 1080 2089 1217 2160; x_wconf 91' lang='lat' dir='ltr'><strong>indocti</strong></span> <span class='ocrx_word' id='word_1_86' title='bbox 1240 2092 1353 2164; x_wconf 87' lang='lat' dir='ltr'><strong>varia-</strong></span> 
     </span>
     <span class='ocr_line' id='line_1_14' title="bbox 273 2212 1348 2315; baseline 0.005 -28"><span class='ocrx_word' id='word_1_87' title='bbox 273 2241 358 2287; x_wconf 91' lang='lat' dir='ltr'><strong>rum</strong></span> <span class='ocrx_word' id='word_1_88' title='bbox 385 2241 508 2288; x_wconf 88' lang='lat' dir='ltr'><strong>rerum</strong></span> <span class='ocrx_word' id='word_1_89' title='bbox 535 2229 680 2289; x_wconf 89' lang='lat' dir='ltr'><strong>naturas</strong></span> <span class='ocrx_word' id='word_1_90' title='bbox 705 2230 742 2290; x_wconf 89' lang='lat' dir='ltr'><strong>et</strong></span> <span class='ocrx_word' id='word_1_91' title='bbox 770 2243 902 2315; x_wconf 89' lang='lat' dir='ltr'><strong>genera</strong></span> <span class='ocrx_word' id='word_1_92' title='bbox 928 2212 1151 2315; x_wconf 87' lang='lat' dir='ltr'><strong>concipiant,</strong></span> <span class='ocrx_word' id='word_1_93' title='bbox 1181 2220 1348 2294; x_wconf 89' lang='lat' dir='ltr'><strong>universa</strong></span> 
     </span>
     <span class='ocr_line' id='line_1_15' title="bbox 273 2323 1349 2448; baseline 0.005 -28"><span class='ocrx_word' id='word_1_94' title='bbox 273 2323 448 2448; x_wconf 83' lang='lat' dir='ltr'><strong>quaedam</strong></span> <span class='ocrx_word' id='word_1_95' title='bbox 468 2349 641 2445; x_wconf 89' lang='lat' dir='ltr'><strong>principia</strong></span> <span class='ocrx_word' id='word_1_96' title='bbox 658 2362 871 2447; x_wconf 85' lang='lat' dir='ltr'><strong>agnoscant,</strong></span> <span class='ocrx_word' id='word_1_97' title='bbox 887 2351 1020 2423; x_wconf 90' lang='lat' dir='ltr'><strong>summi</strong></span> <span class='ocrx_word' id='word_1_98' title='bbox 1035 2376 1158 2423; x_wconf 89' lang='lat' dir='ltr'><strong>rerum</strong></span> <span class='ocrx_word' id='word_1_99' title='bbox 1183 2353 1349 2425; x_wconf 92' lang='lat' dir='ltr'><strong>omnium</strong></span> 
     </span>
     <span class='ocr_line' id='line_1_16' title="bbox 271 2477 1349 2580; baseline 0.005 -30"><span class='ocrx_word' id='word_1_100' title='bbox 271 2480 442 2577; x_wconf 89' lang='lat' dir='ltr'><strong>principis</strong></span> <span class='ocrx_word' id='word_1_101' title='bbox 454 2491 492 2552; x_wconf 92' lang='lat' dir='ltr'><strong>et</strong></span> <span class='ocrx_word' id='word_1_102' title='bbox 507 2480 659 2552; x_wconf 88' lang='lat' dir='ltr'><strong>auctoris</strong></span> <span class='ocrx_word' id='word_1_103' title='bbox 674 2481 865 2578; x_wconf 86' lang='lat' dir='ltr'><strong>imaginem</strong></span> <span class='ocrx_word' id='word_1_104' title='bbox 883 2495 1004 2553; x_wconf 90' lang='lat' dir='ltr'><strong>mente</strong></span> <span class='ocrx_word' id='word_1_105' title='bbox 1023 2477 1218 2554; x_wconf 76' lang='lat' dir='ltr'><strong>informent</strong></span> <span class='ocrx_word' id='word_1_106' title='bbox 1232 2510 1242 2575; x_wconf 80' lang='lat'>3</span> <span class='ocrx_word' id='word_1_107' title='bbox 1262 2483 1349 2580; x_wconf 93' lang='lat' dir='ltr'><strong>phi-</strong></span> 
     </span>
     <span class='ocr_line' id='line_1_17' title="bbox 272 2607 1348 2708; baseline 0.004 -29"><span class='ocrx_word' id='word_1_108' title='bbox 272 2607 453 2707; x_wconf 88' lang='lat' dir='ltr'><strong>losophiae</strong></span> <span class='ocrx_word' id='word_1_109' title='bbox 478 2621 555 2697; x_wconf 92' lang='lat' dir='ltr'><strong>est,</strong></span> <span class='ocrx_word' id='word_1_110' title='bbox 579 2635 672 2706; x_wconf 90' lang='lat' dir='ltr'><strong>quae</strong></span> <span class='ocrx_word' id='word_1_111' title='bbox 690 2623 820 2681; x_wconf 86' lang='lat' dir='ltr'><strong>natura</strong></span> <span class='ocrx_word' id='word_1_112' title='bbox 841 2609 1037 2701; x_wconf 87' lang='lat' dir='ltr'><strong>inchoavit,</strong></span> <span class='ocrx_word' id='word_1_113' title='bbox 1054 2609 1250 2708; x_wconf 83' lang='lat' dir='ltr'><strong>explicare,</strong></span> <span class='ocrx_word' id='word_1_114' title='bbox 1277 2613 1348 2683; x_wconf 90' lang='lat' dir='ltr'><strong>ob-</strong></span> 
     </span>
     <span class='ocr_line' id='line_1_18' title="bbox 270 2738 1348 2840; baseline 0.002 -28"><span class='ocrx_word' id='word_1_115' title='bbox 270 2767 388 2812; x_wconf 90' lang='lat' dir='ltr'><strong>scuras</strong></span> <span class='ocrx_word' id='word_1_116' title='bbox 407 2753 444 2814; x_wconf 91' lang='lat' dir='ltr'><strong>et</strong></span> <span class='ocrx_word' id='word_1_117' title='bbox 460 2738 684 2840; x_wconf 88' lang='lat' dir='ltr'><strong>complicatas</strong></span> <span class='ocrx_word' id='word_1_118' title='bbox 702 2739 960 2840; x_wconf 85' lang='lat' dir='ltr'><strong>intelligentiae</strong></span> <span class='ocrx_word' id='word_1_119' title='bbox 979 2741 1140 2814; x_wconf 88' lang='lat' dir='ltr'><strong>notiones</strong></span> <span class='ocrx_word' id='word_1_120' title='bbox 1159 2740 1348 2832; x_wconf 83' lang='lat' dir='ltr'><strong>evolvere,</strong></span> 
     </span>
     <span class='ocr_line' id='line_1_19' title="bbox 271 2871 1347 2969; baseline 0.004 -28"><span class='ocrx_word' id='word_1_121' title='bbox 271 2873 431 2968; x_wconf 88' lang='lat' dir='ltr'><strong>aperire,</strong></span> <span class='ocrx_word' id='word_1_122' title='bbox 458 2872 636 2968; x_wconf 89' lang='lat' dir='ltr'><strong>certisque</strong></span> <span class='ocrx_word' id='word_1_123' title='bbox 661 2871 783 2941; x_wconf 85' lang='lat' dir='ltr'><strong>formis</strong></span> <span class='ocrx_word' id='word_1_124' title='bbox 816 2871 1018 2969; x_wconf 85' lang='lat' dir='ltr'><strong>exprimere</strong></span> <span class='ocrx_word' id='word_1_125' title='bbox 1047 2895 1119 2969; x_wconf 91' lang='lat' dir='ltr'><strong>quo</strong></span> <span class='ocrx_word' id='word_1_126' title='bbox 1142 2885 1272 2944; x_wconf 91' lang='lat' dir='ltr'><strong>cuncta</strong></span> <span class='ocrx_word' id='word_1_127' title='bbox 1293 2900 1347 2946; x_wconf 91' lang='lat' dir='ltr'><strong>re-</strong></span> 
     </span>
     <span class='ocr_line' id='line_1_20' title="bbox 270 2999 1346 3094; baseline 0.008 -26"><span class='ocrx_word' id='word_1_128' title='bbox 270 2999 443 3072; x_wconf 84' lang='lat' dir='ltr'><strong>serantur.</strong></span> <span class='ocrx_word' id='word_1_129' title='bbox 470 3002 515 3070; x_wconf 91' lang='lat' dir='ltr'><strong>In</strong></span> <span class='ocrx_word' id='word_1_130' title='bbox 542 3001 597 3072; x_wconf 89' lang='lat' dir='ltr'><strong>his</strong></span> <span class='ocrx_word' id='word_1_131' title='bbox 628 2999 744 3073; x_wconf 89' lang='lat' dir='ltr'><strong>multa</strong></span> <span class='ocrx_word' id='word_1_132' title='bbox 768 3003 842 3094; x_wconf 86' lang='lat' dir='ltr'><strong>jam</strong></span> <span class='ocrx_word' id='word_1_133' title='bbox 873 3013 1010 3076; x_wconf 86' lang='lat' dir='ltr'><strong>veteres</strong></span> <span class='ocrx_word' id='word_1_134' title='bbox 1033 3000 1088 3072; x_wconf 91' lang='lat' dir='ltr'><strong>illi</strong></span> <span class='ocrx_word' id='word_1_135' title='bbox 1114 3015 1219 3074; x_wconf 93' lang='lat' dir='ltr'><strong>acute</strong></span> <span class='ocrx_word' id='word_1_136' title='bbox 1243 3005 1346 3077; x_wconf 85' lang='lat' dir='ltr'><strong>vide-</strong></span> 
     </span>
     <span class='ocr_line' id='line_1_21' title="bbox 270 3129 1346 3230; baseline 0.007 -30"><span class='ocrx_word' id='word_1_137' title='bbox 270 3141 368 3200; x_wconf 89' lang='lat' dir='ltr'><strong>runt.</strong></span> <span class='ocrx_word' id='word_1_138' title='bbox 394 3129 519 3202; x_wconf 89' lang='lat' dir='ltr'><strong>Veluti</strong></span> <span class='ocrx_word' id='word_1_139' title='bbox 540 3156 656 3228; x_wconf 92' lang='lat' dir='ltr'><strong>quum</strong></span> <span class='ocrx_word' id='word_1_140' title='bbox 682 3132 802 3204; x_wconf 90' lang='lat' dir='ltr'><strong>Deum</strong></span> <span class='ocrx_word' id='word_1_141' title='bbox 830 3157 903 3204; x_wconf 91' lang='lat' dir='ltr'><strong>esse</strong></span> <span class='ocrx_word' id='word_1_142' title='bbox 928 3133 1164 3230; x_wconf 89' lang='lat' dir='ltr'><strong>antiquissimi</strong></span> <span class='ocrx_word' id='word_1_143' title='bbox 1186 3137 1261 3227; x_wconf 81' lang='lat' dir='ltr'><strong>jam</strong></span> <span class='ocrx_word' id='word_1_144' title='bbox 1288 3136 1346 3208; x_wconf 92' lang='lat' dir='ltr'><strong>ho·</strong></span> 
     </span>
     <span class='ocr_line' id='line_1_22' title="bbox 270 3261 1346 3364; baseline 0.007 -33"><span class='ocrx_word' id='word_1_145' title='bbox 270 3261 385 3334; x_wconf 89' lang='lat' dir='ltr'><strong>mines</strong></span> <span class='ocrx_word' id='word_1_146' title='bbox 400 3261 602 3354; x_wconf 88' lang='lat' dir='ltr'><strong>crederent,</strong></span> <span class='ocrx_word' id='word_1_147' title='bbox 632 3263 737 3333; x_wconf 88' lang='lat' dir='ltr'><strong>tacita</strong></span> <span class='ocrx_word' id='word_1_148' title='bbox 764 3274 915 3333; x_wconf 86' lang='lat' dir='ltr'><strong>naturae</strong></span> <span class='ocrx_word' id='word_1_149' title='bbox 940 3264 1210 3359; x_wconf 87' lang='lat' dir='ltr'><strong>praesensione,</strong></span> <span class='ocrx_word' id='word_1_150' title='bbox 1229 3266 1346 3364; x_wconf 89' lang='lat' dir='ltr'><strong>qualis</strong></span> 
     </span>
     <span class='ocr_line' id='line_1_23' title="bbox 268 3390 1348 3494; baseline -0.001 -26"><span class='ocrx_word' id='word_1_151' title='bbox 268 3418 353 3468; x_wconf 88' lang='lat' dir='ltr'><strong>vero</strong></span> <span class='ocrx_word' id='word_1_152' title='bbox 378 3404 483 3486; x_wconf 86' lang='lat' dir='ltr'><strong>essct,</strong></span> <span class='ocrx_word' id='word_1_153' title='bbox 500 3392 539 3463; x_wconf 95' lang='lat' dir='ltr'><strong>in</strong></span> <span class='ocrx_word' id='word_1_154' title='bbox 559 3393 695 3464; x_wconf 88' lang='lat' dir='ltr'><strong>infinita</strong></span> <span class='ocrx_word' id='word_1_155' title='bbox 711 3390 773 3463; x_wconf 87' lang='lat' dir='ltr'><strong>illa</strong></span> <span class='ocrx_word' id='word_1_156' title='bbox 795 3417 917 3465; x_wconf 89' lang='lat' dir='ltr'><strong>rerum</strong></span> <span class='ocrx_word' id='word_1_157' title='bbox 942 3393 1112 3469; x_wconf 87' lang='lat' dir='ltr'><strong>varietate</strong></span> <span class='ocrx_word' id='word_1_158' title='bbox 1131 3395 1190 3470; x_wconf 84' lang='lat' dir='ltr'><strong>vix</strong></span> <span class='ocrx_word' id='word_1_159' title='bbox 1206 3410 1348 3494; x_wconf 90' lang='lat' dir='ltr'><strong>possent</strong></span> 
     </span>
     <span class='ocr_line' id='line_1_24' title="bbox 267 3523 1419 3624; baseline 0.001 -27"><span class='ocrx_word' id='word_1_160' title='bbox 267 3526 460 3624; x_wconf 89' lang='lat' dir='ltr'><strong>suspicari,</strong></span> <span class='ocrx_word' id='word_1_161' title='bbox 497 3526 695 3597; x_wconf 88' lang='lat' dir='ltr'><strong>accuratius</strong></span> <span class='ocrx_word' id='word_1_162' title='bbox 738 3523 915 3621; x_wconf 86' lang='lat' dir='ltr'><strong>explicare</strong></span> <span class='ocrx_word' id='word_1_163' title='bbox 949 3524 1186 3597; x_wconf 88' lang='lat' dir='ltr'><strong>instituerunt</strong></span> <span class='ocrx_word' id='word_1_164' title='bbox 1224 3526 1345 3624; x_wconf 89' lang='lat' dir='ltr'><strong>philo-</strong></span> <span class='ocrx_word' id='word_1_165' title='bbox 1418 3562 1419 3573; x_wconf 47' lang='lat'>¹</span> 
     </span>
     <span class='ocr_line' id='line_1_25' title="bbox 267 3653 1344 3754; baseline 0.001 -27"><span class='ocrx_word' id='word_1_166' title='bbox 267 3657 367 3754; x_wconf 89' lang='lat' dir='ltr'><strong>sophi</strong></span> <span class='ocrx_word' id='word_1_167' title='bbox 391 3684 398 3727; x_wconf 91' lang='lat'>:</span> <span class='ocrx_word' id='word_1_168' title='bbox 424 3655 594 3732; x_wconf 88' lang='lat' dir='ltr'><strong>viderunt</strong></span> <span class='ocrx_word' id='word_1_169' title='bbox 615 3657 653 3726; x_wconf 93' lang='lat' dir='ltr'><strong>in</strong></span> <span class='ocrx_word' id='word_1_170' title='bbox 678 3668 855 3754; x_wconf 89' lang='lat' dir='ltr'><strong>perpetuo</strong></span> <span class='ocrx_word' id='word_1_171' title='bbox 874 3653 936 3726; x_wconf 92' lang='lat' dir='ltr'><strong>illo</strong></span> <span class='ocrx_word' id='word_1_172' title='bbox 958 3681 1081 3727; x_wconf 89' lang='lat' dir='ltr'><strong>rerum</strong></span> <span class='ocrx_word' id='word_1_173' title='bbox 1101 3654 1206 3728; x_wconf 88' lang='lat' dir='ltr'><strong>fluxu</strong></span> <span class='ocrx_word' id='word_1_174' title='bbox 1230 3670 1267 3728; x_wconf 89' lang='lat' dir='ltr'><strong>et</strong></span> <span class='ocrx_word' id='word_1_175' title='bbox 1287 3659 1344 3733; x_wconf 84' lang='lat' dir='ltr'><strong>vi-</strong></span> 
     </span>
     <span class='ocr_line' id='line_1_26' title="bbox 267 3785 1343 3883; baseline 0.003 -27"><span class='ocrx_word' id='word_1_176' title='bbox 267 3785 471 3859; x_wconf 86' lang='lat' dir='ltr'><strong>cissitudine</strong></span> <span class='ocrx_word' id='word_1_177' title='bbox 497 3812 617 3858; x_wconf 91' lang='lat' dir='ltr'><strong>unum</strong></span> <span class='ocrx_word' id='word_1_178' title='bbox 640 3785 819 3883; x_wconf 89' lang='lat' dir='ltr'><strong>quoddam</strong></span> <span class='ocrx_word' id='word_1_179' title='bbox 840 3811 913 3860; x_wconf 90' lang='lat' dir='ltr'><strong>esse</strong></span> <span class='ocrx_word' id='word_1_180' title='bbox 937 3797 1098 3857; x_wconf 89' lang='lat' dir='ltr'><strong>constans</strong></span> <span class='ocrx_word' id='word_1_181' title='bbox 1120 3799 1155 3858; x_wconf 90' lang='lat' dir='ltr'><strong>et</strong></span> <span class='ocrx_word' id='word_1_182' title='bbox 1178 3786 1224 3859; x_wconf 88' lang='lat' dir='ltr'><strong>ah</strong></span> <span class='ocrx_word' id='word_1_183' title='bbox 1245 3790 1343 3861; x_wconf 92' lang='lat' dir='ltr'><strong>omni</strong></span> 
     </span>
     <span class='ocr_line' id='line_1_27' title="bbox 266 3917 1344 4015; baseline 0.005 -29"><span class='ocrx_word' id='word_1_184' title='bbox 266 3917 464 3990; x_wconf 88' lang='lat' dir='ltr'><strong>mutatione</strong></span> <span class='ocrx_word' id='word_1_185' title='bbox 477 3942 650 4011; x_wconf 78' lang='lat' dir='ltr'><strong>vacuum,</strong></span> <span class='ocrx_word' id='word_1_186' title='bbox 664 3943 773 4015; x_wconf 91' lang='lat' dir='ltr'><strong>quam</strong></span> <span class='ocrx_word' id='word_1_187' title='bbox 790 3928 959 3990; x_wconf 89' lang='lat' dir='ltr'><strong>naturam</strong></span> <span class='ocrx_word' id='word_1_188' title='bbox 975 3918 1094 3988; x_wconf 91' lang='lat' dir='ltr'><strong>animo</strong></span> <span class='ocrx_word' id='word_1_189' title='bbox 1109 3917 1344 3994; x_wconf 83' lang='lat' dir='ltr'><strong>informantes</strong></span> 
     </span>
    </p>
   </div>
   <div class='ocr_carea' id='block_1_5' title="bbox 268 4051 1419 4152">
    <p class='ocr_par' dir='ltr' id='par_1_5' title="bbox 268 4051 1419 4152">
     <span class='ocr_line' id='line_1_28' title="bbox 268 4051 1419 4152; baseline 0.005 -29"><span class='ocrx_word' id='word_1_190' title='bbox 268 4066 518 4147; x_wconf 82' lang='lat' dir='ltr'><strong>expresserunt</strong></span> <span class='ocrx_word' id='word_1_191' title='bbox 546 4051 677 4145; x_wconf 91' lang='lat' dir='ltr'><strong>talem,</strong></span> <span class='ocrx_word' id='word_1_192' title='bbox 703 4078 796 4152; x_wconf 90' lang='lat' dir='ltr'><strong>quae</strong></span> <span class='ocrx_word' id='word_1_193' title='bbox 825 4052 895 4124; x_wconf 90' lang='lat' dir='ltr'><strong>sola</strong></span> <span class='ocrx_word' id='word_1_194' title='bbox 922 4063 1012 4124; x_wconf 88' lang='lat' dir='ltr'><strong>esset</strong></span> <span class='ocrx_word' id='word_1_195' title='bbox 1038 4077 1159 4128; x_wconf 86' lang='lat' dir='ltr'><strong>revera</strong></span> <span class='ocrx_word' id='word_1_196' title='bbox 1186 4053 1242 4149; x_wconf 85' lang='grc' dir='ltr'><strong>(τὸ</strong></span> <span class='ocrx_word' id='word_1_197' title='bbox 1260 4055 1340 4152; x_wconf 78' lang='grc' dir='ltr'><strong>ὃν),</strong></span> <span class='ocrx_word' id='word_1_198' title='bbox 1418 4138 1419 4149; x_wconf 17' lang='lat'>¹</span> 
     </span>
    </p>
   </div>
   <div class='ocr_carea' id='block_1_6' title="bbox 0 0 1426 4884">
    <p class='ocr_par' dir='ltr' id='par_1_6' title="bbox 0 0 1426 4884">
     <span class='ocr_line' id='line_1_29' title="bbox 0 0 1426 4884; baseline 0 4"><span class='ocrx_word' id='word_1_199' title='bbox 0 0 1426 4884; x_wconf 95' lang='lat' dir='ltr'><strong> </strong></span> 
     </span>
    </p>
   </div>
   <div class='ocr_carea' id='block_1_7' title="bbox 1406 930 1435 4860">
    <p class='ocr_par' dir='ltr' id='par_1_7' title="bbox 1406 930 1435 4860">
     <span class='ocr_line' id='line_1_30' title="bbox 1406 930 1435 4860; baseline 0 0"><span class='ocrx_word' id='word_1_200' title='bbox 1406 930 1435 4860; x_wconf 95' lang='lat' dir='ltr'><strong> </strong></span> 
     </span>
    </p>
   </div>
  </div>
 </body>
</html>
