2842 4884
526 444 742 489 rmxosonnrx.
1052 403 1056 417 ¹
1105 430 1170 498 168
1217 484 1222 489 .

93 612 245 686 vapores
266 601 358 662 terra
382 591 545 689 marique
563 591 771 666 exhalantes
782 596 849 693 qui
868 594 1025 671 sublime
1040 596 1171 673 tollun-

94 704 180 787 tur,
209 696 309 769 unde
324 698 414 795 ignis
439 696 633 771 seminibus
657 702 827 797 expressis
853 715 890 775 et
906 704 1001 777 inter
1023 730 1060 777 se
1082 731 1171 779 eon-

92 800 223 875 ciliatis
250 800 411 875 coelestia
438 829 582 902 corpora
607 804 819 879 efficiantur.
848 808 981 881 Eadem
1020 810 1172 885 aliorum

93 908 299 1005 antiquitus
334 910 400 980 fuit
433 910 630 999 sententia,
661 934 771 1008 quam
802 912 842 983 in
869 915 993 1009 primis
1018 915 1172 991 illustrat

91 1012 307 1103 Lucretius,
344 1016 388 1087 de
416 1017 569 1090 aetheris
607 1030 644 1090 et
673 1016 829 1091 siderum
858 1021 994 1118 origine
1027 1024 1078 1097 ita
1108 1048 1171 1099 ea·

91 1144 185 1193 nens
203 1119 257 1191 ⁴⁶:

537 1258 610 1324 Par
633 1278 722 1325 rura
744 1258 925 1345 {oramina
950 1265 1065 1329 terrae

139 1358 328 1429 Portubus
351 1384 536 1453 erumpam
555 1366 695 1452 primus
710 1383 757 1428 ‘se
781 1360 948 1431 substulit
969 1366 1087 1433 aether

140 1468 306 1557 Ipnifer,
330 1478 365 1537 et
388 1472 511 1536 multos
533 1490 646 1534 seeum
669 1468 753 1535 levia
775 1464 920 1535 abstulit
939 1469 1051 1559 ipnais
1076 1494 1090 1539 .·

141 1574 225 1642 Nou
250 1578 322 1643 ulia
346 1580 441 1665 lonqe
466 1577 602 1642 ratione
625 1596 777 1665 aeauepe
791 1572 946 1644 videmur
956 1624 971 1659 ,

141 1677 271 1747 Aurea
293 1683 560 1771 quamprimum
584 1683 805 1771 qemmnnteir
831 1704 912 1749 rore
929 1701 998 1773 per
1023 1681 1148 1753 tarbua

141 1786 324 1852 Matutine
342 1782 469 1851 rubent
490 1782 625 1853 radiati
650 1789 784 1853 lumina
808 1789 915 1869 solia,

141 1890 393 1981 Eahalnntqua
419 1894 515 1957 laeua
538 1890 696 1958 nebulam
716 1888 907 1983 statuique
924 1907 1097 1981 perennes
1106 1942 1122 1978 ,

142 1997 296 2088 Ipsaque
317 2004 352 2063 et
373 1995 546 2064 interdum
572 2000 670 2065 tellus
691 1998 830 2086 fumare
852 1996 990 2067 videtur
1015 2024 1024 2069 ε

143 2101 203 2173 Sic
227 2106 338 2193 iqitur
361 2112 432 2171 tum
456 2128 492 2172 aa
516 2107 599 2172 levia
623 2128 664 2172 ue
688 2104 856 2197 diffusilis
878 2109 1023 2191 aether,

147 2214 298 2300 Corpore
319 2218 471 2279 concrete
497 2210 734 2281 circumdatus
758 2210 913 2305 undique
924 2262 938 2296 ,
964 2216 1093 2305 saepsit
1102 2242 1120 2301 ,-

146 2319 250 2384 Hune
274 2314 419 2385 exordia
440 2327 526 2386 aunt
547 2321 629 2387 eolis
655 2322 825 2410 lunaeque
847 2326 974 2386 secuta.

146 2519 338 2591 Lucretius
362 2519 561 2615 Epicurum
576 2521 761 2615 sequitur,
779 2521 898 2617 quiin
919 2521 1067 2619 physicis
1085 2521 1169 2618 ple-

98 2648 258 2723 rumque
289 2627 504 2699 veteriorum
534 2638 733 2697 commenta
770 2639 807 2699 et
834 2624 961 2722 placita
987 2630 1167 2723 expressit.

98 2728 236 2805 Eodem
263 2732 418 2829 pertinet
448 2744 634 2829 pervagata
656 2728 717 2803 illa
743 2743 907 2804 veterum
931 2732 1069 2830 opinio,
1095 2745 1168 2805 tam

100 2864 118 2907 a
143 2838 257 2935 poetis
280 2863 389 2936 quam
415 2836 628 2935 philosophis
656 2834 819 2935 prodita,
842 2834 951 2908 solem
972 2849 1009 2909 et
1031 2835 1167 2937 reliqua

100 2944 215 3017 sidera
239 2946 386 3017 terrenis
419 2945 635 3041 marinisque
668 2943 858 3040 vaporibus
885 2941 933 3014 ali
962 2957 999 3016 et
1027 2958 1169 3018 susten·

100 3051 168 3133 tari
195 3049 222 3100 ⁴⁷
247 3076 255 3122 z
280 3076 351 3123 non
376 3050 509 3123 mirum
534 3051 621 3125 adeo
646 3051 675 3121 si
699 3049 841 3139 iisdem,
871 3045 1001 3144 quihus
1028 3065 1168 3124 sustan-

103 3170 178 3250 tur,
207 3146 320 3230 initiis'
341 3160 448 3231 etiam
463 3160 632 3231 exstitisse
660 3157 841 3256 quondam
865 3154 925 3227 iila
951 3160 1165 3253 putaverint

101 3263 236 3339 Eadem
258 3276 408 3356 natura,
428 3290 499 3362 qua
523 3263 648 3356 solem,
667 3264 793 3335 lunam
818 3287 962 3359 quoque
976 3263 1169 3365 Xenopha-

103 3393 166 3443 nes
200 3382 238 3443 et
268 3371 380 3443 sidera
409 3384 446 3443 et
474 3383 625 3443 cometas
656 3382 693 3441 et
721 3391 973 3467 quaecumque
999 3370 1038 3441 in
1070 3369 1167 3445 coelo

105 3490 278 3575 apparent
302 3502 469 3575 corpora,
490 3504 563 3551 esse
585 3475 716 3569 voluit3
735 3474 926 3574 appellavit
943 3474 1062 3573 globus
1079 3500 1167 3547 can-

143 3720 208 3801 (46)
226 3721 335 3780 Lucret.
352 3712 404 3795 V,
427 3720 487 3799 458
506 3742 564 3799 sqq·
677 3776 679 3782 .

145 3843 206 3927 (47)
229 3842 296 3906 Vid.
309 3844 403 3905 Cicero
422 3842 488 3903 Nat.
506 3845 539 3904 D.
562 3846 608 3921 11,
633 3846 677 3909 15.
697 3846 745 3905 ubi
762 3843 862 3905 multos
881 3852 1007 3901 auctores
1025 3838 1093 3899 alios
1108 3838 1167 3899 iau·

107 3924 153 3989 dat
174 3936 300 3996 Creuzer.
323 3956 350 4015 p.
373 3932 439 3995 265.
462 3936 629 3997 Anacreont.
653 3936 699 3997 od.
723 3956 780 4016 19:
802 3933 819 4001 a·
839 3941 878 4004 at
895 3928 1013 4005 pinaria
1039 3925 1107 3991 m'm
1126 3968 1166 3980 -

109 4020 174 4081 δὲ’
196 4019 270 4092 ὅλως
289 4025 447 4090 θαλέων.
472 4026 520 4085 ubi
545 4042 668 4089 veterum
701 4025 797 4107 placiti
820 4022 945 4082 meminit
969 4020 1051 4081 etiam
1075 4022 1167 4083 Meht-

107 4106 185 4176 ¹²0m=
206 4136 235 4197 a·
255 4115 305 4198 96·
409 4188 412 4201 .

968 4226 1020 4271 12.
