2842 4884
551 420 764 467 rsnosoms.
1110 404 1185 469 ’185

103 577 231 662 ρομένην
265 574 316 639 ὑπὸ
339 582 393 637 τῶν
423 573 556 659 ἀνέμων,
592 569 759 639 amando
781 576 920 641 intrare
941 578 1093 643 animum
1116 599 1184 654 au-

104 700 240 747 rarum
257 680 387 770 spiritu
406 687 531 746 vastam
543 685 582 763 ²5
607 674 643 747 h.
662 699 693 747 e.
715 674 839 747 eodem
862 676 1099 776 spiritu,‘qni
1118 706 1184 777 per

103 782 321 859 universum
344 781 524 853 mundum
539 780 688 854 diffusus
712 794 788 873 est,
806 783 913 854 ctiam
932 783 1094 858 homines
1108 787 1186 857 ani-

103 891 214 961 mari.
251 888 361 959 Primi
391 914 537 987 quoque
572 886 773 987 philosophi
802 900 840 959 et
870 889 1005 989 physici
1036 893 1184 965 eandem

102 994 325 1069 sententiam
351 993 601 1085 celebrarunt,
631 1019 749 1092 quum
776 995 931 1067 animam
957 998 1185 1073 subtilissima

102 1102 280 1190 materie,
299 1100 423 1175 eadem
439 1126 511 1198 qua
523 1099 726 1191 mundum,
744 1113 903 1173 constare
915 1102 1092 1194 dicerent,
1109 1108 1186 1179 sive

102 1208 214 1306 ignea
237 1204 298 1278 illa
322 1207 395 1280 sive
418 1206 582 1279 aetherea
606 1204 648 1276 ³:
674 1205 773 1279 unde
800 1218 899 1304 patet
922 1206 988 1279 hoc
1011 1208 1185 1305 placitum

103 1338 186 1385 non
203 1325 277 1385 tam
293 1313 504 1410 Xenophani
521 1312 731 1410 proprium,
752 1336 863 1408 quam
878 1312 984 1384 aetati
998 1316 1076 1408 ejus
1091 1342 1186 1387 com-

103 1419 352 1492 munefuisse.
378 1418 481 1491 Idem
504 1418 579 1489 fere
602 1418 752 1516 Diogeni
770 1417 1017 1515 Apolloniatae
1034 1417 1186 1518 aliisque

104 1525 241 1597 tribuit
259 1522 466 1597 Aristoteles
480 1520 517 1593 ⁴:
537 1527 669 1618 Διογένης
694 1526 752 1612 di,
782 1524 882 1622 ὥσπερ
905 1530 955 1593 καὶ
975 1524 1069 1621 ἕτεροί
1088 1552 1184 1615 rosc,

104 1642 185 1731 ἀέρα
215 1645 304 1703 τοῦτον
332 1637 438 1711 οἰηθεὶς
468 1640 581 1701 πάντων
615 1634 857 1727 λεπτομερέςατον
888 1629 960 1703 εἶναι
988 1638 1037 1701 καὶ
1061 1641 1186 1727 ἀρχὴν,

104 1747 163 1809 καὶ
186 1742 233 1809 διὰ
262 1748 336 1806 τοῦτο
358 1746 528 1830 γιγνώσκειν
551 1764 583 1805 τε
605 1744 655 1807 καὶ
685 1759 774 1809 κινεῖν
803 1750 854 1821 τὴν
884 1745 980 1831 ψυχὴν
1005 1737 1183 1836 (ἔλεγεν)

102 1850 186 1915 Hoc
209 1853 332 1914 autem
356 1840 526 1939 placitum
546 1844 655 1940 magis
674 1843 720 1916 ad
736 1868 860 1915 rerum
883 1856 1049 1916 naturam
1066 1856 1103 1915 et
1116 1843 1187 1917 cle·

104 1959 234 2020 menta
261 1972 370 2045 quam
400 1948 445 2018 ad
476 1948 638 2019 animum
669 1949 856 2046 pertinet,
888 1961 925 2021 et
959 1947 1094 2047 physici
1119 1976 1185 2023 seu

107 2053 312 2153 physiologi
339 2054 457 2151 potius
483 2078 592 2152 quam
616 2053 817 2152 philosophi
839 2053 1046 2129 habendum
1072 2067 1135 2127 est.

162 2159 219 2230 Ad
240 2162 404 2231 animum
423 2172 564 2248 autem,
589 2161 625 2232 h.
653 2186 684 2233 e.
714 2161 759 2232 ad
780 2160 855 2234 vim
879 2161 989 2232 animi
1010 2173 1047 2235 et
1062 2164 1185 2261 cogni-

109 2266 270 2355 tionem,
295 2267 536 2363 indagandum
561 2259 738 2363 primun
756 2268 848 2341 facta
877 2280 928 2341 est
964 2272 1178 2368 progressio,
1285 2308 1288 2315 ·

110 2386 198 2446 cu'm
222 2372 267 2445 de
289 2373 519 2471 cognoscendi
541 2375 689 2449 veritate
712 2376 881 2472 coepisset
904 2374 1071 2447 dubitari.
1096 2379 1185 2448 Nam

110 2494 156 2551 ut
170 2479 537 2577 omnisphilosophiae
549 2480 598 2551 sic
608 2481 720 2573 hujus
732 2482 839 2551 etiam
853 2483 1067 2576 quaestionis
1081 2485 1185 2578 prin-

109 2586 247 2683 cipium
264 2585 335 2655 fuit
354 2584 550 2671 dubitatio,
578 2609 671 2682 quae
694 2595 795 2656 etex
814 2596 965 2655 naturae
988 2609 1186 2683 rerumque

108 2692 279 2764 varietate
295 2701 332 2762 ct
355 2714 398 2761 ex
417 2689 626 2786 opinionum
641 2688 877 2759 inconstantia
899 2697 981 2759 nata
1003 2700 1055 2759 est
1073 2716 1081 2758 :
1097 2688 1185 2763 haec

106 2797 229 2868 animo
256 2794 507 2893 reputantibus
542 2806 616 2865 orta
656 2806 709 2868 est
741 2794 927 2891 cogitatio,
962 2792 1053 2863 nihil
1088 2807 1184 2866 certo

106 2902 198 2974 scire
224 2902 409 2991 homines,
443 2911 586 2973 tantum
612 2900 658 2973 de
696 2899 806 2973 rebus
832 2899 980 2997 opinari.
1010 2899 1185 2972 Memora-

107 3009 182 3083 bile
216 3034 298 3109 ergo
321 3011 358 3081 in
383 3008 525 3081 historia
551 3007 793 3108 philosophiae
813 3009 880 3081 hoc
904 3007 1096 3106 placitum,
1124 3033 1183 3081 cu·

154 3254 198 3334 (a)
220 3255 334 3315 Aristot.
363 3251 397 3314 de
419 3253 517 3314 Anima
544 3255 586 3326 l,
614 3275 644 3336 p.
668 3252 729 3331 485
752 3254 786 3314 Β.
804 3253 997 3315 Tiedemanno
1010 3253 1185 3335 (Gricchenl.

111 3342 193 3403 Erste
216 3344 318 3405 Philos.
340 3366 369 3426 p.
388 3342 436 3421 54.
457 3343 552 3423 )haec
571 3346 710 3403 sententia
734 3344 843 3405 doctior
856 3345 1005 3405 videbatur
1029 3363 1110 3423 quam
1133 3365 1185 3425 pro

112 3432 217 3515 Orphei
239 3445 344 3513 aetate;
363 3436 393 3492 in
410 3454 464 3513 quo
479 3433 660 3515 reprehensus
678 3445 720 3492 est
737 3456 753 3493 a
772 3435 994 3516 Wyttenbachio
1014 3434 1087 3493 Bibl.
1110 3435 1180 3491 Crit.
1224 3425 1229 3434 ’

112 3524 146 3584 Τ.
172 3526 222 3597 ll,
243 3528 318 3587 Part.
334 3526 384 3597 II,
401 3544 430 3604 p.
453 3522 502 3605 87.
521 3525 614 3583 Etiam
634 3524 794 3585 Lohsokius
814 3537 843 3583 ct
862 3524 967 3586 Bodios
978 3570 986 3599 ,
1007 3524 1054 3601 qui
1076 3522 1111 3580 de
1130 3522 1185 3580 Or-

112 3613 201 3696 phiois
220 3615 379 3695 diligentius
399 3625 427 3672 et
439 3612 574 3673 eruditius
595 3612 782 3693 disputarunt,
800 3613 876 3674 hanc
886 3612 1049 3673 sententiam
1059 3611 1094 3669 ab
1104 3611 1183 3671 istius

114 3707 209 3766 aetatis
231 3705 406 3786 simphcitate
430 3723 487 3762 non
507 3702 632 3783 judicant
651 3694 810 3765 abhorrere.
833 3702 901 3764 Vid.
919 3699 1015 3775 Bode,
1038 3699 1181 3782 Orpheus,
1237 3735 1242 3742 ι

113 3814 142 3874 p.
161 3794 201 3877 98
221 3806 249 3853 et
269 3816 298 3875 p.
315 3791 376 3853 1153
400 3803 459 3853 not.

115 3908 329 4058 3(diiihristot.
354 3909 408 3967 An.
429 3906 463 3983 I,
485 3919 524 3977 a,
543 3927 573 3987 p.
593 3905 653 3989 478
678 3927 735 3985 sqq.
756 3903 896 3965 Plutarch.
924 3901 996 3982 plac.
1023 3901 1093 3962 Phil.
1114 3904 1182 3977 lv,

135 4038 143 4058 .
169 4018 185 4056 a
216 4038 225 4057 .

155 4100 199 4182 (4)
220 4102 333 4163 arista.
353 4102 374 4161 1.
393 4102 460 4184 tp.
482 4100 542 4184 479
560 4098 594 4161 s.
