2842 4884
257 374 322 441 194
668 394 706 435 ns
729 394 921 436 messanis

250 572 306 620 res
328 544 499 619 Eleaticos
519 545 768 634 transferrent,
783 558 820 619 et
842 574 864 617 a
879 546 1097 643 Xenophane
1119 544 1336 643 disciplinae

250 653 363 748 hujus
388 652 535 723 initium
560 662 791 747 repeterent,
822 655 1032 748 praesertim
1056 678 1142 725 cum
1162 654 1335 751 sceptici,

248 786 322 860 qno
350 765 522 855 majorem
552 759 618 831 sibi
643 760 874 833 conciliarent
895 762 1167 851 auctoritatem,
1184 760 1337 834 nobilia-

131 924 135 933 .
247 868 380 940 dmum
397 890 582 963 quemque
603 878 769 941 veterum
789 866 885 938 inter
906 892 994 939 suae
1012 865 1219 963 disciplinae
1238 893 1336 941 auc·

247 986 341 1047 tores
357 985 395 1045 et
412 969 571 1045 aemulos
588 974 776 1045 studerent
795 998 989 1046 numerare
1005 986 1040 1043 ²⁰.
1061 976 1195 1057 Eadem
1206 1000 1338 1048 caussa

248 1077 502 1199 explicandum
526 1078 791 1199 quodquidam
809 1078 1013 1151 dialecticae
1035 1082 1119 1151 artis
1144 1094 1337 1153 auctorem
1397 1149 1403 1163 ,

247 1212 334 1261 cum
351 1186 612 1258 existimarunt.
636 1184 789 1278 Quod
763 1210 793 1256 s1
808 1186 857 1256 ita
874 1184 1121 1284 intelligatur,
1144 1187 1340 1307 Xenopha-

246 1316 331 1365 nem
364 1290 403 1362 in
438 1290 563 1389 primis
596 1288 890 1387 philosophorum
922 1292 1056 1383 fuisse,
1093 1294 1158 1389 qui
1192 1294 1337 1368 ratione

246 1400 293 1475 de
329 1398 405 1470 Deo
435 1396 705 1495 philosophatus
734 1400 803 1484 sit,
835 1411 950 1496 potest
983 1399 1149 1496 probari;
1176 1402 1208 1474 si
1246 1428 1336 1476 vero

246 1506 483 1605 significetur,
503 1502 724 1577 dialecticum
743 1518 857 1579 artem
875 1504 1002 1578 abillo
1032 1502 1177 1581 auctore
1200 1508 1335 1581 condi-

245 1627 319 1685 tam
340 1636 432 1698 csse,
458 1612 611 1683 minime
628 1611 855 1707 probandum
872 1625 935 1684 est.
960 1614 1015 1684 Ita
1027 1626 1148 1687 tamen
1161 1614 1334 1700 nonnulli

247 1720 453 1793 volucrunt.
494 1718 624 1791 Sextus
653 1719 856 1815 Empiricos
881 1730 904 1757 ²¹
932 1746 941 1790 ε
975 1737 1029 1790 τῶν
1067 1724 1100 1791 δὲ
1133 1725 1235 1814 ἀμερῆ
1277 1734 1333 1807 τὴν

244 1830 405 1925 φιλοσοφῶν
434 1831 678 1917 domuimus,
706 1827 863 1922 Ξενοφάνης
892 1831 946 1919 μὲν
973 1838 989 1895 ὁ
1015 1832 1188 1925 Italam
1223 1837 1256 1900 τὸ
1281 1858 1332 1927 qv-

244 1936 323 2001 σικόν
362 1931 428 2023 ἅμα
455 1936 506 1997 καὶ
540 1931 674 2022 lesuin
701 1943 739 2007 ὠς
766 1940 841 2026 φασί
876 1957 970 2017 τινες,
1003 1944 1171 2028 μετήρχετο.
1207 1934 1333 2006 Eristi-

245 2062 307 2109 eas
337 2058 484 2133 qnoque
515 2034 600 2105 artis
633 2060 720 2108 eum
742 2046 926 2106 auctorem
953 2037 1038 2107 facit
1058 2038 1249 2111 Aristocles
1273 2052 1332 2112 ²²:

248 2144 408 2239 Ξενοφάνης
425 2141 457 2208 δὲ
481 2147 532 2207 καὶ
552 2150 574 2207 α’
592 2135 642 2209 ἀπ’
666 2148 773 2224 iusim,
799 2144 859 2215 τούς
884 2144 1020 2235 ἑριςικώς
1041 2153 1208 2222 κινήσαντες
1231 2149 1334 2239 λόγως

245 2250 331 2317 πολὺ»
350 2248 403 2335 μὲν
428 2245 569 2337 ἐνέβαλον
591 2247 699 2336 ἴλιγγόν
720 2263 776 2320 τόῖς
800 2247 1022 2341 φιλοσόφοις,
993 2275 1022 2316 ου
1034 2258 1090 2339 μὴν
1115 2248 1330 2343 (inserenti.

247 2351 328 2423 fort.
369 2347 518 2443 ἀλλὰ)’
503 2355 552 2417 nrt
551 2358 635 2442 ρισάν
663 2357 697 2441 ys'
730 2377 794 2418 τινα
815 2351 979 2433 βοήθειαν.
1006 2352 1184 2426 Nimirum
1209 2380 1333 2453 quum

184 2530 187 2542 ,
245 2453 480 2552 Xenophauis
494 2464 531 2524 et
548 2451 768 2524 Parmenidis
785 2455 885 2543 ratio,
905 2480 977 2553 qua
1001 2458 1048 2529 de
1068 2471 1198 2531 natura
1215 2462 1333 2535 disse-

244 2564 421 2651 ruissent,
446 2556 611 2632 subtilior
642 2572 733 2632 esset
757 2572 794 2633 ct
819 2560 1033 2657 abstrusior,
1062 2590 1190 2639 eorum
1216 2594 1332 2666 argu-

245 2666 524 2743 mentationibus
549 2668 761 2763 posteriores
784 2667 886 2741 abusi
908 2682 995 2741 sunt
1018 2672 1097 2745 ad
1087 2699 1234 2747 manem
1254 2676 1331 2748 dis-

245 2774 386 2849 serendi
414 2771 672 2867 jactationem,
704 2798 776 2870 qua
806 2773 1043 2849 obscurarunt
1074 2782 1185 2877 magis
1216 2805 1331 2878 quam

247 2880 477 2954 illustrarunt
491 2877 762 2977 philosophiam.
781 2879 886 2953 ltulri
901 2881 1110 2976 hujusmodi
1128 2891 1204 2984 copo?
1223 2901 1331 2959 erant

285 3120 349 3201 (πο)
370 3120 435 3181 Vid
453 3122 536 3201 Disg.
565 3120 655 3179 Lairt.
685 3117 749 3193 lx,
772 3140 810 3200 7²
832 3140 872 3198 sq.
897 3118 1040 3201 Scepticen
1060 3120 1188 3182 subtilius
1208 3122 1331 3187 delinire

243 3221 271 3269 ct
290 3209 444 3271 accuratius
463 3230 480 3269 a
502 3209 600 3269 ceteris
619 3206 772 3288 disciplinis
801 3206 970 3286 distinguere
991 3209 1114 3271 instituit
1135 3210 1238 3271 Sextus
1257 3212 1330 3273 Em·

246 3298 351 3380 piricus
370 3298 554 3379 Pyrrhon.1‚
578 3318 603 3356 c.
623 3317 662 3379 ²9
682 3317 742 3376 sqq.

284 3388 430 3447 Caeterum
445 3408 460 3446 e
474 3386 693 3456 recentioribus,
705 3388 752 3464 qui
765 3385 800 3446 dc
818 3386 869 3445 hac
890 3384 1072 3467 Xenophanis
1090 3391 1229 3450 sententia
1243 3411 1328 3469 quae-

239 3479 379 3548 siverunt,
391 3475 738 3558 Baylinseumperlectum
753 3495 842 3556 paena
859 3475 926 3535 lacit
940 3477 1101 3557 scepticum,
1118 3478 1242 3538 Dictioa.
1260 3482 1329 3539 Xe-

244 3568 333 3647 noph.
356 3580 414 3629 not
440 3568 472 3627 L.
496 3565 608 3627 Huuc'
600 3586 655 3645 jam
682 3565 877 3646 redarguere
869 3567 990 3626 rmtituil
1007 3566 1145 3627 Bructer.
1163 3570 1239 3630 flac
1263 3571 1329 3631 orit.

133 3691 137 3698 ·
243 3654 312 3735 phil.
333 3678 362 3737 p.
388 3655 474 3733 1154.
499 3653 623 3714 midam
643 3656 833 3732 quaestionem
851 3667 972 3715 tractant
992 3655 1121 3718 Brandis.
1141 3677 1170 3738 p.
1192 3654 1236 3717 60
1266 3678 1327 3736 sqq.

244 3745 363 3820 cousin,
390 3768 420 3827 p.
446 3744 506 3826 87¹
512 3765 572 3823 sqq.
602 3764 665 3803 cum
692 3746 770 3823 cujus
794 3745 899 3825 judicio
923 3766 1013 3805 meum
1038 3749 1158 3807 maxime
1183 3750 1325 3819 conciuit3

242 3830 333 3891 liitter
358 3832 458 3895 Gesch.
479 3833 508 3893 d.
532 3831 604 3892 Phil.
628 3852 656 3913 p
677 3830 745 3913 459.

284 3947 348 4029 (aa)
369 3948 442 4011 Adi.
462 3948 554 4010 Math.
578 3948 652 4023 Vll,
679 3946 724 4025 14.

284 4058 347 4139 (aa)
368 4060 468 4123 Euseb.
492 4065 587 4143 Praep.
612 4063 662 4121 Eu.
686 4061 752 4136 xl,
776 4083 805 4142 p.
822 4061 880 4122 510
903 4064 934 4123 C.
