2842 4884
233 396 301 460 110·
650 419 689 460 aa
709 419 882 462 runcinus

229 581 298 662 μίαν
319 573 396 662 μὲν,
433 578 483 652 τὴν
507 574 560 640 ἀπὸ
583 581 628 639 τοῦ
656 581 760 662 μείονος
781 577 827 642 ἐπὶ
849 577 880 641 τὸ
902 582 1000 665 μεῖζον
1018 579 1070 641 καὶ
1097 583 1148 656 τήν
1175 578 1229 642 ἀπὸ
1255 587 1307 644 τοῦ

229 688 349 773 χείρονος
391 681 437 746 ἐπὶ
467 681 497 745 τὸ
526 678 648 762 βελτιου.
684 681 817 747 καλεῖται
846 680 877 747 di
905 685 937 748 τὸ
967 683 1020 770 μὲν
1050 672 1102 775 ἀφ’
1137 677 1226 774 αἵπερ
1263 679 1304 748 ἂν

226 781 355 879 ἄρξηται
378 782 576 873 μεταβάλλειν
600 789 725 875 γένεσις·
746 825 796 838 -
815 784 948 881 δευτέραν
963 787 1017 876 δὲ,
1043 794 1095 867 τὴν
1107 791 1161 854 ἀπὸ
1177 797 1223 852 rut
1236 794 1304 875 μεί-

228 898 301 970 ζονος
327 892 372 958 ἐπὶ
393 893 425 957 τὸ
446 908 523 978 μεῖον
549 895 600 957 κατ’
623 898 675 972 τὴν
701 895 756 960 ἀπὸ
780 903 824 959 τοῦ
845 894 996 978 βελτίονος
1009 897 1053 962 ἐπὶ
1076 896 1107 958 τὸ
1134 910 1244 984 χεῖρον·
1271 892 1308 960 τὸ

226 996 258 1064 di
289 1002 482 1090 συμπέρασμα
518 1011 566 1075 τῆς
593 998 758 1086 μεταβολῆς
791 1002 895 1078 ταύτης
927 1005 1093 1087 ὀνομάζεται
1123 1001 1219 1092 φθορὰ
1249 1004 1306 1066 καὶ

172 1108 174 1113 ’
226 1101 362 1178 διάλυσις.
393 1095 463 1168 'Eas
490 1096 535 1170 οὖν
562 1107 613 1170 κατ’
636 1107 668 1170 τὸ
694 1101 760 1172 ὅλου
789 1108 839 1171 κατ’
865 1108 898 1171 τὸ
922 1119 980 1172 τοῖν
1011 1112 1144 1196 γεννητῶν
1172 1109 1219 1182 ἐςι
1250 1103 1307 1168 κατ’

130 1195 135 1207 “
227 1210 372 1301 φθαρτὸν,
396 1215 541 1299 γενόμενον
565 1213 622 1277 ,ἀπὸ
644 1221 689 1277 rat
712 1218 815 1299 μείονος
837 1215 883 1278 ἐπὶ
904 1214 934 1277 τὸ
954 1217 1050 1298 μεῖζον
1064 1208 1220 1301 ’μετέβαλε
1247 1212 1304 1274 καὶ

226 1317 280 1381 ἀπὸ
306 1326 350 1380 τοῦ
379 1323 500 1410 χείρονος
520 1319 565 1383 ἐπὶ
591 1319 621 1382 τὸ
644 1316 769 1398 βέλτιον.

273 1417 406 1499 Eadem
422 1419 518 1488 notio
533 1416 692 1510 subjecta
708 1431 761 1491 est
779 1419 833 1490 his
858 1418 1091 1515 Xenophanis
1115 1417 1250 1507 verbis,
1270 1428 1303 1486 εἰ

225 1532 283 1620 γὰρ
311 1533 430 1619 γίγνοιτο
452 1529 485 1609 ἐξ
506 1532 699 1622 ἀσθενεςέρου
721 1533 752 1597 τὸ
768 1537 966 1623 ἰσχυρότερον,
995 1527 1136 1615 ceteris,
1163 1526 1300 1622 quibus

225 1630 343 1703 Deum
357 1643 551 1726 aeternum
564 1659 637 1705 esse
654 1632 796 1730 probat,
816 1635 986 1731 quoniam
1000 1630 1202 1708 vicissitudo
1222 1659 1298 1705 om-

225 1737 281 1807 nis
305 1735 419 1808 aliena
445 1739 489 1807 sit
512 1737 557 1828 ab
585 1764 627 1812 eo
654 1740 753 1835 quod
775 1751 828 1810 eat
848 1751 1015 1827 tantum,
1042 1750 1087 1806 τοῦ
1107 1737 1210 1826 ὄντος,
1236 1739 1300 1811 cui

225 1843 317 1916 nihil
343 1843 543 1942 oppositum
569 1845 636 1916 nisi
658 1851 689 1914 τὸ
728 1856 768 1938 μὴ
789 1847 845 1933 ὅν,
884 1845 981 1941 quod
1007 1843 1097 1915 nihil
1121 1859 1173 1915 est
1200 1846 1298 1917 :hoc

225 1962 346 2022 autem
372 1949 573 2023 discrimine
602 1951 765 2042 sublato,
791 1950 916 2022 nullus
945 1949 1166 2046 relinquitur
1190 1963 1298 2022 natu-

225 2080 286 2128 rae
313 2057 503 2127 mutationi
525 2055 644 2148 locus,
671 2082 790 2154 neque
819 2057 914 2127 nasci
943 2056 1031 2127 adeo
1061 2080 1181 2151 neque
1204 2057 1299 2128 inte·

225 2162 297 2233 1ire
328 2160 525 2232 ullomodo
554 2175 693 2258 potest,
742 2188 786 2235 ex
815 2164 957 2235 decreto
987 2161 1049 2232 illc
1076 2189 1084 2230 ε
1112 2169 1299 2233 similem

225 2274 332 2338 simili
353 2274 451 2338 acaci
476 2275 598 2362 aequit
608 2322 622 2356 ,
645 2269 720 2342 sive
742 2281 786 2339 ut
808 2267 1037 2364 Simplicius:
1063 2273 1094 2336 τὸ
1110 2267 1202 2360 ὅμοιον
1224 2278 1300 2340 ἀπα-

225 2376 281 2450 θὲς
314 2363 364 2442 ὑπὸ
393 2386 437 2442 τοῦ
465 2383 550 2465 ὁμοίου
577 2401 584 2444 :
613 2375 710 2472 quod
744 2375 842 2446 enim
872 2372 1023 2473 simplen
1057 2385 1094 2444 et
1123 2375 1168 2447 ab
1200 2375 1301 2444 omni

225 2478 427 2550 diversitate
454 2478 615 2551 alienum
639 2491 712 2572 est,
743 2480 839 2551 idem
867 2481 912 2551 sit
942 2479 986 2550 ab
1016 2480 1115 2549 omni
1146 2491 1299 2552 naturae

224 2583 465 2688 vicissitudine
481 2611 636 2659 vacuum
654 2611 795 2658 necesse
809 2597 871 2658 est.
890 2583 913 2631 ¹4
930 2585 1060 2656 Iisdem
1080 2586 1299 2684 argumentis

225 2717 444 2792 quamquam
484 2691 550 2763 alia
593 2696 730 2765 ratione
772 2691 945 2764 conclusis
980 2693 1098 2763 utitur
1139 2690 1301 2764 Melissus

223 2798 320 2896 apud
345 2797 502 2895 Simplic.
527 2785 626 2895 Ph'ys.
655 2801 679 2869 f.
707 2823 753 2868 22
777 2801 816 2868 B.

272 2904 317 2973 In
343 2904 529 2976 referenda
551 2918 673 2977 autem
704 2904 770 2975 hac
792 2901 1023 2998 Xenophanis
1048 2900 1184 2973 ratione
1213 2927 1298 2974 cum

264 3100 275 3176 (
298 3099 329 3177 τί)
350 3104 482 3160 Brundisi
502 3102 521 3160 1.
541 3103 560 3161 l.
580 3124 609 3182 p.
634 3123 693 3182 27,
715 3121 757 3178 sq.
776 3111 875 3179 putat,
897 3098 1080 3179 Xenophanis
1094 3098 1148 3159 hoc
1167 3099 1302 3179 placitum

226 3189 383 3269 oppositum
407 3190 490 3248 fuisse
506 3190 708 3249 Anaximandri
726 3190 899 3262 sententiae,
919 3191 966 3266 qui
979 3189 1150 3262 exinfinitc,
1169 3186 1244 3264 quod
1260 3188 1303 3246 fe-

225 3281 264 3336 eit
290 3299 381 3335 rerum
408 3280 708 3358 principium‚‘0mnia
731 3280 770 3336 ita
795 3280 872 3357 gigni
894 3281 1054 3356 statuisset,
1081 3289 1113 3335 ut
1135 3278 1235 3335 similia
1264 3296 1303 3335 ex

226 3366 361 3426 similibus
391 3378 585 3446 necterentur3
616 3367 711 3449 placiti
741 3366 823 3446 hujus
848 3380 946 3426 testem
974 3369 1054 3425 affert
1082 3367 1255 3445 Simplicium
1269 3367 1301 3422 in

225 3458 340 3516 Aristot.
373 3454 458 3534 Phys.
487 3455 536 3513 sol.
564 3457 593 3516 6.
615 3456 670 3516 Sed
691 3477 788 3516 vereor
813 3477 867 3530 ne,
902 3478 964 3516 cum
995 3456 1065 3514 haec
1095 3454 1230 3514 scriberet
1254 3454 1301 3512 vir

226 3546 409 3618 clarissimus,
425 3545 559 3626 Simplicii
575 3549 659 3606 verba
679 3549 771 3606 minus
790 3547 938 3627 diligenter
956 3547 1129 3627 explicuerit.
1152 3546 1206 3602 Hic
1226 3545 1302 3603 enim

225 3635 426 3694 Anaximandri
447 3638 611 3697 sententiam
626 3637 748 3696 referens
769 3635 856 3696 dicit:
869 3636 960 3716 ι’ρχνίν,
972 3663 1003 3696 οε
1022 3634 1069 3696 καὶ
1083 3635 1199 3711 formias
1217 3635 1303 3715 οἶμαι

226 3735 277 3784 νῦν
290 3723 366 3786 ’ὄντων
386 3722 418 3787 ου’
440 3723 563 3806 ἔπειρον,
581 3736 682 3808 apolus
702 3736 782 3786 τουτο
797 3725 912 3805 τῶνυμα
933 3725 1051 3804 soprius
1071 3728 1111 3805 (l.
1129 3726 1148 3784 l.
1164 3724 1303 3802 νομίσας)

228 3824 278 3880 τοῖς
315 3818 412 3896 simiis.
441 3829 500 3900 ¹lum
531 3815 636 3875 addit:
662 3813 735 3876 eicos
757 3814 794 3876 dd
819 3822 865 3878 ου’νι
897 3817 1076 3896 inhormiter
1106 3826 1154 3875 τοῦ
1183 3811 1301 3890 §sextiae

227 3899 276 3970 vvir
300 3906 401 3976 γε’νεονν
421 3909 511 3981 ποιεῖ,
529 3908 594 3967 αλλ’
609 3901 887 3989 ἐπηρτημένων
902 3920 962 3970 ὀὂν
987 3906 1137 3970 ἐναντίον
1159 3904 1223 3968 dul
1240 3915 1302 3972 τοῖς

229 3994 347 4058 ἀϊδίου
365 4001 441 4068 κενοί
449 4024 541 4062 aeus.
561 3999 704 4082 Explicuit
720 4001 788 4061 haec
803 4003 946 4078 Ritterus,
969 4001 1070 4062 Gesch.
1089 4000 1139 4060 der
1152 3997 1303 4068 lonisehen

227 4085 326 4166 philos.
347 4109 373 4170 p.
398 4091 535 4172 176·178.
