2842 4884
231 429 277 493 Μ
534 439 542 470 ·
669 449 861 492 xenornrms

230 601 291 674 alii
313 605 486 690 ἐπέδειξαν,
511 599 573 673 alii
595 603 769 700 παρέδειξαν
794 600 1004 695 ediderunt3
1023 625 1087 699 pro
1103 608 1308 699 e’peopt‘oiwacrv

229 709 370 810 Eclogg.
384 707 469 780 libri
490 715 668 807 ἐφεὺρισκον,
687 707 788 781 unde
800 706 963 798 Grotius,
981 721 1024 780 ut
1048 720 1208 780 metrum
1226 730 1311 781 con·

229 827 358 908 staret,
387 811 592 889 emendavit
615 818 778 914 ἐφεόρισκόν
801 845 829 885 τι
854 816 981 908 ἄμεινον.
1009 814 1079 887 Sed
1105 815 1313 913 ἐφεύριωωισιν

229 923 346 1016 ἄμεινον
374 921 532 998 breviter
560 922 698 997 dictum
723 935 799 1014 est,
826 924 918 996 sicut
941 923 981 993 in
1009 923 1122 995 veteri
1143 921 1206 993 illo
1230 948 1314 1020 pro-

230 1029 376 1103 verbio:
391 1030 489 1128 ἔφυγον
511 1037 622 1121 κακὸν,
647 1029 726 1128 εὗρον
739 1030 867 1123 ἄμεινον.
891 1030 972 1102 Vid.
991 1029 1189 1128 Hesychius
1205 1030 1243 1103 Τ.
1269 1031 1314 1121 I,

231 1162 262 1208 c.
293 1132 410 1234 1557,
437 1149 473 1208 et
498 1135 641 1210 Alberti
665 1137 768 1214 adh.
798 1137 821 1209 l.

282 1313 452 1410 Spectant
471 1325 594 1388 autem
612 1315 652 1387 hi
672 1342 794 1391 versus
819 1316 864 1388 ad
892 1316 1027 1388 artium
1050 1314 1317 1407 inventionem,

230 1418 364 1517 quibus
390 1419 552 1494 homines
576 1448 621 1494 ex
646 1424 774 1520 agresti
795 1425 895 1495 victu
920 1422 963 1495 ad
989 1415 1178 1494 lautiorem
1204 1421 1320 1495 vitam

231 1526 368 1600 exculti
389 1542 497 1622 sunt,
514 1530 560 1602 de
582 1554 741 1628 quarum
766 1531 902 1630 origine
929 1531 1023 1606 varia
1047 1542 1124 1602 erat
1150 1542 1321 1604 veterum

233 1635 366 1730 opinio.
391 1633 561 1709 Fabulosa
589 1637 808 1735 antiquitas,
836 1662 930 1735 quae
956 1637 1075 1707 omnia
1090 1633 1135 1708 ad
1153 1635 1244 1707 Deos
1260 1661 1321 1708 re-

231 1739 326 1813 ferre
349 1755 604 1834 consueverat,
618 1756 709 1816 artes
727 1769 874 1842 quoque
896 1743 1067 1819 divinitus
1091 1741 1135 1813 ad
1155 1741 1321 1824 homines

233 1846 367 1921 delatas
389 1849 639 1948 praedicabat3
665 1852 838 1925 doctiores
854 1876 938 1926 vero
967 1876 1025 1924 eas
1044 1875 1116 1921 non
1131 1875 1151 1921 a
1167 1848 1241 1919 Diis
1257 1847 1322 1920 da-

230 1965 283 2026 tas
306 1956 368 2029 sed
402 1956 560 2029 humana
584 1957 760 2032 industria
795 1957 986 2055 paullatim
1008 1958 1172 2032 inventas
1185 1967 1221 2028 et
1239 1979 1324 2052 par-

232 2071 285 2132 tas
310 2088 384 2134 esse
410 2063 621 2158 judicarunt
635 2092 645 2156 3
659 2077 704 2137 ut
722 2067 762 2135 in
776 2063 843 2136 hoc
867 2089 973 2139 versu
998 2065 1047 2135 ait
1070 2061 1323 2161 Xenophanes.

234 2165 406 2240 Similiter
428 2169 512 2263 alii,
531 2169 647 2244 veluti
671 2169 870 2270 Aeschylus
893 2172 933 2241 in
957 2168 1190 2261 Prometheo,
1213 2171 1326 2262 cujus

232 2298 382 2372 persona
397 2274 576 2374 praeclare
590 2277 772 2351 humanae
797 2276 995 2351 industriae
1020 2279 1094 2354 vim
1118 2276 1320 2376 significat,

213 2379 320 2453 'huic
362 2385 499 2456 auctori
533 2386 696 2457 omnium
731 2385 864 2457 artium
894 2385 1138 2458 inventionem
1163 2381 1319 2473 tribuit,

232 2513 281 2564 vs.
310 2487 406 2582 44ο,
436 2516 511 2590 sqq.
538 2493 717 2565 Moschion
744 2494 784 2566 in
810 2493 1008 2566 clarissimis
1031 2491 1193 2566 versibus
1218 2489 1322 2588 apud
1377 2493 1381 2500 '

164 2691 168 2702 ᾗ
233 2595 428 2669 Stohaeum
455 2598 573 2698 Eclog.
599 2601 640 2672 P.
664 2602 706 2694 I,
734 2626 770 2699 p.
797 2600 870 2692 240
894 2624 969 2699 sqq.
993 2597 1060 2672 ubi
1083 2610 1227 2696 praeter
1247 2594 1321 2668 alia

233 2702 321 2778 haec
346 2721 576 2780 occurrunt:
689 2695 692 2700 ¹

329 2875 391 2942 ἐπεὶ
413 2866 442 2942 δ’
466 2882 481 2942 ὸ
502 2883 606 2942 τίκτων
629 2883 728 2943 πάντα
750 2878 802 2942 καὶ
824 2880 935 2970 τρέφων
960 2881 1059 2967 χρόνος

332 2982 379 3047 τὸν
406 2983 512 3059 θνητὸν
532 2979 688 3058 ἠλλοίωσεν
714 2979 844 3071 ἔμπαλιν
869 2979 957 3065 βίον,
985 3019 1035 3031 -
1060 3017 1108 3030 -

333 3076 399 3152 τόθ’
423 3089 531 3180 εὑρέθη
561 3089 613 3192 pio
634 3092 744 3182 καρπὸς
770 3094 872 3182 ἠξιίἕρω
895 3102 1018 3182 wlfr

234 3271 450 3359 ceteraque,
474 3263 608 3362 quibus
629 3265 820 3356 hominum
843 3262 986 3337 cultum
1011 3261 1187 3335 describit.
1215 3260 1323 3336 Idem

233 3381 489 3466 argumentum
512 3370 611 3462 Plato
634 3372 740 3446 initio
767 3371 850 3442 libri
866 3370 921 3441 Ill
939 3370 984 3443 de
1002 3370 1108 3470 Legg.
1130 3381 1168 3443 et
1188 3367 1322 3441 Diodo-

235 3499 298 3546 rus
324 3474 466 3550 Siculus
494 3478 533 3550 in
559 3477 796 3550 Historiarum
821 3477 998 3575 principio
1022 3475 1161 3574 tangit,
1182 3476 1249 3576 qui
1263 3476 1321 3548 di·
1420 3563 1421 3566 Ἴ

232 3582 305 3672 cit,
330 3594 446 3655 πάντων
473 3595 523 3669 τὴν
556 3585 662 3682 χρείαν
692 3589 780 3668 αὐτὴν
808 3585 981 3656 διδάσκαλον
1010 3589 1152 3679 γενέσθαι
1176 3605 1233 3661 τοῖς
1262 3593 1322 3654 ἀν-
1420 3577 1421 3618 t

100 3761 110 3780 .
233 3694 369 3788 θρώποις.
396 3718 432 3790 p.
462 3718 527 3785 12,
551 3694 666 3768 Wess.

283 3798 358 3870 Hoc
369 3811 624 3899 argumentum
637 3799 742 3896 prisci
751 3804 877 3897 poetae
888 3809 925 3871 et
936 3795 1136 3894 philosophi
1147 3793 1323 3890 adhibue-

235 3918 321 3977 runt
334 3908 377 3979 ad
390 3907 613 3980 excitandam
626 3919 663 3978 et
676 3907 874 3982 acuendam
882 3904 1073 3976 hominum
1084 3896 1320 4003 industriam,

236 4024 280 4084 ut
301 4015 475 4090 Hesiodus
503 4016 568 4114 ipy.
596 4039 645 4090 vs.
672 4015 744 4109 42,
777 4018 883 4111 cujus
910 4013 1125 4088 sententiam
1141 4012 1319 4110 expressit

62 4144 69 4168 ·
235 4122 404 4221 Virgilius
419 4120 548 4222 Georg.
575 4126 615 4218 l,
639 4151 724 4217 ¹213
746 4126 835 4199 item
857 4120 945 4216 ille,
971 4124 1078 4216 cujus
1099 4120 1238 4195 dictum
1254 4120 1319 4191 So
