2842 4884
277 417 325 484 80
744 442 949 487 monstris.

279 592 441 691 Utroque
466 590 571 665 modo
595 590 842 689 iomhographi
868 593 925 664 usi
956 589 1053 666 sunt.
1070 591 1199 666 Hiatus
1216 592 1262 666 in
1291 594 1367 676 αὕτη

278 725 354 774 non
376 696 529 770 offendit
550 696 698 796 propter
708 722 905 791 caesuram3
917 698 957 769 in
979 700 1087 786 ἀσεβεῖ
1099 698 1214 798 prima
1232 696 1369 799 syllaba

279 821 333 882 est
352 806 544 906 producta,
561 818 606 877 ut
618 805 727 905 vulgo
740 807 781 877 in
802 812 967 894 ἀθάνατος,
982 805 1133 906 aliisque
1155 808 1367 906 compositis.

279 914 348 984 Pro
374 916 530 1010 πρόκλησις
551 913 592 984 in
603 912 795 985 Aristotele
820 911 881 984 alii
904 911 1032 1010 legunt
1050 918 1222 1010 πρόςκλησις
1239 914 1368 986 :ambo

279 1022 368 1094 haec
387 1021 496 1094 verba
512 1021 653 1119 saepius
674 1032 882 1122 permutata
902 1045 975 1094 esse
1000 1020 1104 1095 docet
1129 1020 1369 1097 Schneiderus

279 1130 319 1202 in
337 1130 464 1204 lexico
487 1127 636 1204 Graeco.
1112 1125 1114 1130 ’

769 1448 887 1516 XXVI.

327 1700 558 1804 Etymologus
570 1702 616 1774 Μ.
631 1729 664 1778 v.
686 1707 798 1799 Γηράς.
819 1742 868 1756 --
877 1702 930 1772 οἷον
942 1705 1077 1795 πιμπλῶ,
1090 1699 1222 1794 πιμπλᾷς
1232 1706 1286 1771 καὶ
1305 1731 1370 1794 πιμ·

279 1815 384 1898 πλεῖς,
423 1839 509 1890 raros
536 1805 583 1882 οὖν
621 1817 672 1880 καὶ
709 1823 810 1906 pipo,
845 1808 939 1906 γηρᾷς
974 1814 1025 1878 καὶ
1056 1827 1166 1905 γηρεῒς.
1194 1819 1213 1889 ἡ
1241 1817 1365 1910 μςτοχὴ·

280 1925 401 2016 γηρείς,
425 1959 474 1973 ·-
497 1925 652 2014 γηρὲντος,
677 1917 777 2015 ὥσπερ
800 1922 942 1994 τιθέντος·
974 1916 1146 2014 Ξενοφάνης·
1170 1915 1222 1986 οἷον
1329 1964 1332 1970 ,

476 2098 576 2194 ἀνδρὸς
595 2105 728 2196 γηρέντος
749 2100 850 2170 πολλὸν
873 2104 1071 2195 ἅφαυρέτερας.

284 2303 468 2403 Participii
498 2303 610 2376 forma
639 2311 736 2400 γηρείς
771 2302 935 2401 quamvis
964 2300 1050 2374 alibi
1078 2326 1151 2374 non
1179 2315 1367 2396 occurrat,

281 2412 423 2485 Ionicae
435 2423 556 2483 tamen
578 2409 729 2484 dialecto
751 2434 907 2506 congrua
922 2421 985 2481 est.
1006 2409 1110 2482 Iones
1127 2409 1224 2482 enim
1241 2423 1369 2482 notum
1409 2442 1411 2533 i

281 2532 335 2594 est
365 2517 474 2595 rerba
509 2518 550 2588 in
586 2529 630 2588 άω
660 2516 858 2590 desinentia
897 2515 1040 2589 flectere
1065 2516 1106 2587 in
1138 2525 1188 2587 ε’ω.
1220 2515 1368 2618 Gregor.
1407 2546 1410 2632 β

279 2627 440 2701 Corinth.
466 2627 512 2700 de
533 2625 653 2698 Ionica
669 2623 823 2697 dialecto
844 2621 869 2722 S
887 2624 963 2696 XV.
981 2623 1156 2696 Maittaire
1173 2624 1228 2697 ed.
1249 2627 1366 2698 Sturz.

278 2759 315 2836 p.
349 2735 428 2836 157.
455 2730 676 2828 Hujusmodi
695 2729 906 2829 exemplum
931 2743 984 2804 est
1013 2731 1112 2829 quod
1137 2729 1367 2832 Etymologus

278 2843 405 2935 affert,
433 2842 580 2936 πέμπλῷ,
610 2840 743 2932 πιμπλᾷς
773 2845 824 2909 καὶ
852 2844 1010 2933 πιμπλεῖςῇ
1035 2834 1269 2938 posteriorem
1299 2841 1368 2912 for·
1404 2850 1407 2927 l

280 2972 378 3020 mam
407 2946 552 3020 exhibet
575 2947 745 3020 Herodot.
774 2947 873 3035 VII,
904 2945 975 3044 39,
997 2946 1037 3017 in
1064 2944 1175 3022 verbo
1206 2951 1364 3038 ἐμπιπλέει.
1404 2944 1405 3019 l

279 3056 397 3154 Igitur
420 3066 464 3126 ut
487 3065 643 3151 αγηράω,
668 3067 793 3152 γήρημι,
815 3054 970 3127 ductum
995 3063 1048 3126 est
1067 3053 1303 3152 participium
1325 3085 1367 3149 ῃ
1403 3078 1404 3119 l

281 3170 335 3258 ράς
363 3185 436 3258 quo
463 3161 641 3235 Homerus
669 3164 819 3254 utitur,
849 3162 899 3234 sic
930 3188 950 3231 a
977 3160 1095 3258 γηρέω,
1113 3171 1239 3257 γήρημι,
1262 3161 1366 3234 ducto
1402 3166 1403 3217 l

281 3267 350 3339 erit
372 3266 493 3339 Ionica
520 3268 633 3340 forma
666 3269 776 3364 γηρείς.
808 3266 890 3360 Quo
914 3269 1027 3339 rarior
1053 3267 1129 3340 haee
1157 3268 1300 3362 forma,
1330 3290 1365 3340 eo
1401 3262 1402 3313 t

1399 3330 1402 3414 l

280 3373 402 3447 minus
425 3387 588 3473 suspecta
609 3387 662 3448 est
690 3374 887 3448 testimonii
905 3374 1019 3473 huius
1041 3374 1241 3449 auctoritas.
1398 3422 1401 3511 ι

757 3673 890 3742 xxvrr.
996 3765 1001 3770 “

332 3922 540 3997 scholiastes
563 3921 607 3996 ad
623 3921 804 4024 Aristoph.
824 3899 949 4023 Equit'.
967 3952 1016 4003 vs.
1039 3923 1114 4018 406
1140 3954 1150 3999 :
1178 3928 1266 4015 βάκ
1277 3951 1365 4021 χους

283 4033 429 4126 ludlow,
474 4032 626 4132 inquit,
658 4040 708 4104 καὶ
750 4040 811 4114 τοὺς
844 4037 963 4115 κλάδως
990 4038 1036 4117 ὥς
1064 4048 1089 4110 οἱ
1118 4043 1213 4131 ptem
1246 4046 1362 4136 φέρωσι·

185 4237 188 4247 Α
282 4145 425 4232 μέμνηται
450 4140 481 4212 δὲ
510 4141 667 4240 Ξενοφάνης
700 4146 730 4212 ἐν
763 4144 877 4223 σιλλως
904 4144 1005 4222 οὕτως·
