2842 4884
433 247 436 261 '
554 261 571 298 e

477 407 550 451 vira
574 409 611 450 ur
635 408 758 450 srunm.
1117 389 1161 452 21

82 557 265 654 proxima,
289 557 432 655 ingenio
456 554 564 654 plane
587 557 821 656 dispareret,
846 568 890 628 ut
906 555 1002 629 inter
1024 567 1163 628 utram-

82 688 156 760 que
181 689 254 734 non
279 665 399 735 minus
421 664 629 754 interesset,
671 690 781 762 quam
805 675 923 761 postea
947 663 1164 762 tragoediam

80 770 178 843 inter
200 782 236 842 et
257 771 474 843 comoediam
497 771 674 844 interfuit.
699 772 749 843 Ut
768 772 865 869 epica
892 773 1004 868 poesis
1026 771 1071 843 ad
1100 797 1163 844 ce-

79 875 268 951 lebrandas
303 903 358 950 res
389 879 565 975 graviores
597 879 788 976 composita
826 892 935 969 erat,
966 879 1015 957 sic
1049 877 1165 950 iambi

79 985 126 1057 ad
148 985 329 1082 vulgarem
351 987 540 1059 hominum
566 989 674 1060 vitam
698 1000 735 1060 et
757 1012 988 1058 communem
1008 1011 1162 1059 consue-

78 1089 244 1178 tudinem
261 1094 505 1190 pertinebant;
522 1095 730 1192 praesertim
746 1095 792 1167 ad
813 1120 930 1168 mores
953 1095 1161 1186 hominum,

79 1225 207 1271 eorum
231 1201 315 1275 vitia
343 1212 379 1272 et
407 1227 542 1274 errores
569 1200 626 1275 vel
652 1199 855 1274 illudendos
884 1200 942 1276 vel
972 1203 1160 1299 increpan-

78 1305 141 1378 dos
163 1319 266 1380 erant
286 1309 469 1404 compositi
484 1306 520 1379 44.
538 1308 627 1402 Quis
647 1335 730 1408 ergo
747 1310 923 1401 miretur,
948 1308 1161 1406 Xenophani

80 1441 170 1486 cum
215 1441 318 1513 saepe
359 1415 471 1490 bilem
506 1442 610 1515 saepe
640 1421 763 1513 jocum
793 1429 980 1492 moverent
1014 1417 1159 1514 ineptae

80 1533 117 1592 et
141 1547 327 1618 perversae
348 1535 422 1593 tam
444 1521 543 1620 vulgi
583 1550 693 1621 quam
729 1524 916 1596 doctorum
946 1523 1159 1620 opiniones,

79 1653 182 1720 eum,
202 1627 406 1700 Archilochi
425 1642 462 1702 et
478 1629 614 1702 Solonis
637 1630 819 1728 exemplo,
840 1631 907 1703 hoc
924 1627 1089 1702 carminis
1099 1654 1158 1726 ge-

78 1759 165 1807 nere
188 1760 314 1808 eorum
339 1761 474 1808 errores
504 1749 541 1808 et
566 1738 650 1811 vitia
675 1735 951 1836 perstrinxisse?
976 1734 1158 1828 Quaeres

78 1865 164 1912 cum
186 1867 251 1938 per
275 1867 312 1914 se
333 1840 440 1939 plane
462 1842 652 1940 probabilis
672 1844 718 1916 sit
732 1899 742 1932 ‚
754 1843 867 1916 ‘nulla
885 1856 938 1916 est
953 1868 1073 1916 caussa
1092 1868 1164 1915 cur·

78 1946 246 2045 Diogenis
265 1949 512 2021 testimonium
537 1962 682 2047 propter
708 1948 866 2022 aliorum
889 1948 1074 2022 silentium
1090 1948 1157 2020 im-

78 2055 280 2154 probemus.
308 2055 404 2148 Quid
436 2056 551 2132 vero?
579 2057 786 2132 Aristoteles
810 2059 919 2141 etiam
940 2057 1157 2130 sententiam

78 2163 188 2259 ipsius
204 2162 432 2258 Xenophanis
445 2165 602 2260 profert,
617 2190 711 2263 quae
728 2165 887 2239 iambicis
904 2163 1057 2261 pedibus
1073 2189 1156 2243 eon-

78 2283 168 2342 stare
196 2270 363 2344 videtur:
385 2287 456 2368 quo
462 2285 692 2425 4argumento
717 2270 866 2346 nullum
896 2272 1054 2370 profecto
1079 2295 1156 2342 cer-

79 2377 150 2449 tius
170 2379 278 2482 possit
301 2375 485 2449 haberi.

124 2484 202 2556 Jam
219 2473 457 2581 explicuimus
469 2511 509 2558 ea
527 2511 620 2583 quae
633 2513 652 2558 a
681 2485 839 2585 Diogene
854 2484 992 2558 Laertio
1006 2482 1159 2557 strictim

78 2601 178 2660 erant
219 2601 369 2683 notata3
396 2588 457 2661 alii
501 2617 585 2665 vero
614 2604 781 2667 veterum
808 2592 1039 2691 Xenophanis
1081 2617 1156 2661 car-
1216 2609 1220 2616 ·

78 2697 173 2767 mina
206 2694 283 2767 aliis
313 2644 520 2771 noiuinibus
557 2699 768 2798 designant,
799 2697 914 2773 veluti
945 2698 1152 2793 Tpaypdi'ac,

78 2806 214 2894 Σιλλους,
240 2805 408 2898 Παρῳδάς,
435 2803 481 2877 de
512 2806 646 2903 quibus
680 2804 829 2931 singulis
857 2804 1044 2901 deinceps
1048 2828 1163 2900 erpo--

78 2909 237 2982 nendum
266 2920 334 2982 est.

573 3047 726 3196 §8¹

124 3319 370 3411 Τραγῳδίαι.
399 3320 534 3390 Earum
560 3317 782 3391 mentionem
808 3315 1090 3390 facit'Eusebius
1115 3317 1159 3389 in

78 3445 209 3494 canone
232 3424 419 3518 chronico,
445 3425 511 3498 ubi
536 3426 623 3499 haec
648 3438 769 3498 notata
795 3424 999 3525 leguntur:
1026 3427 1152 3523 Ξενοφά-

79 3555 127 3608 νης,
138 3535 249 3626 φυσικὸς
269 3535 566 3628 τραγῳδοποιός
581 3530 617 3604 4⁵.
642 3533 748 3626 Quod
766 3533 1010 3609 testimonium
1028 3557 1157 3630 quam-

114 3740 175 3819 (43)
197 3743 265 3803 Vid.
285 3745 399 3805 Aristot
421 3743 456 3804 de
475 3747 543 3805 Arte
562 3745 687 3825 poetica,
707 3743 753 3806 ed.
771 3745 959 3808 Graelenhan.
978 3765 1003 3803 c
1021 3744 1073 3806 lv.

113 3829 177 3911 (44)
198 3832 264 3892 Vid
284 3834 383 3914 fragm.
404 3835 486 3894 infra.
506 3834 605 3898 XXV.

115 3918 177 3998 (45)
197 3921 310 3982 Eusebii
326 3923 417 3983 locum
434 3945 556 4006 suprap.
548 3924 605 4004 .4,
618 3936 678 3984 not.
689 3922 742 3984 6.'
733 3926 790 4005 jani
802 3898 907 4003 citavi3
923 3922 958 3984 ad
970 3943 1051 4003 quem
1062 3922 1155 3984 locum

77 4007 196 4089 Scaliger
213 4012 361 4074 Animadv.
384 4035 412 4096 p
430 4013 491 4096 96:
515 4038 530 4071 ((
546 4013 693 4097 physicum
709 4027 737 4074 et
753 4020 878 4096 poetam,
894 4015 1001 4092 inquit,
1019 4035 1154 4096 agnosco,

78 4099 281 4177 tragoediarum
297 4103 461 4184 scriptorem
476 4125 565 4186 nego,
582 4129 597 4162 a
618 4117 687 4165 caet.
704 4105 853 4185 Menagius
869 4103 906 4166 ad
924 4105 1042 4186 Diogen.
1056 4105 1087 4166 t.
1100 4103 1156 4184 lX,
1217 4120 1222 4143 4
