2842 4884
487 378 559 422 vrrs
586 380 626 422 ar
649 380 773 422 aruum.
1154 361 1177 426 9

94 552 138 600 eo
171 527 360 624 accepisset
383 524 417 599 ¹⁵.
442 527 521 600 Jam
549 529 784 630 Pythagoram
808 530 900 602 circa
926 527 1177 629 Olympiadem

92 633 144 708 60
165 648 204 708 et
225 647 343 733 postea
367 637 406 706 in
430 634 532 707 Italia
553 635 733 728 floruisse,
754 638 852 710 inter
873 637 1063 736 plerosque
1090 666 1175 711 con·

92 743 220 817 venit:
240 743 337 840 quod
364 743 393 813 si
416 741 653 839 Xenophanes
677 746 752 837 jam
775 755 856 815 tum
880 745 1003 816 fuisset
1030 757 1175 844 octoge-

92 851 236 939 narius,
265 849 453 946 quiscum
476 875 589 924 novae
618 850 728 945 hujus
754 849 962 949 disciplinae
987 851 1175 924 aemulum

91 955 200 1029 fuisse
226 955 380 1028 credat?
405 957 451 1026 Et
478 957 507 1036 si
536 983 664 1029 verum
690 961 759 1049 sit,
783 959 880 1056 quod
909 957 1019 1031 multi
1044 959 1176 1056 proba·
1228 997 1231 1006 ·

90 1063 160 1136 bili
176 1065 312 1136 ratione
332 1063 573 1156 arbitrantur,
589 1065 824 1164 Pythagoram
844 1093 916 1138 non
932 1080 1015 1139 ante
1032 1067 1175 1168 Olymp.

91 1169 142 1268 69
170 1196 243 1243 esse
270 1183 478 1261 mortuum,
509 1171 687 1269 quomodo
719 1185 885 1271 potuerat
912 1173 1172 1272 Xenophanes,

91 1277 123 1348 si
144 1277 270 1374 viginti
290 1281 365 1372 jam
387 1277 490 1349 annis
512 1291 596 1350 ante
621 1277 846 1369 decessisset,
869 1280 918 1352 sic
938 1279 1047 1352 deco
1070 1308 1176 1354 com-

90 1385 317 1457 memorare?
332 1386 385 1456 Ex
398 1385 453 1458 his
463 1397 611 1483 apparet
624 1412 734 1484 quam
747 1388 988 1483 incongruum
1000 1389 1066 1476 sit,
1079 1391 1179 1487 quod-

89 1515 166 1561 non
196 1491 448 1565 animadvertit
479 1490 570 1563 Clar.
597 1491 757 1583 Cousin,
786 1492 1015 1590 Xenophanis
1043 1493 1173 1592 placita

90 1599 138 1670 ad
173 1598 427 1698 Pythagoream
455 1598 653 1671 doctrinam
683 1600 818 1673 reterre
838 1599 881 1690 ¹⁶,
904 1602 1025 1698 ipsum
1054 1615 1176 1679 tamen

90 1716 208 1777 aetate
233 1703 298 1777 illo
316 1704 539 1802 superiorem
564 1707 691 1778 facere.
713 1705 808 1804 Ergo
831 1709 900 1778 nisi
922 1701 1065 1805 probari
1091 1736 1176 1808 pos-

89 1812 159 1903 sit,
180 1812 414 1912 Pythagoram
439 1815 591 1910 ejusque
615 1813 817 1886 doctrinam
835 1817 950 1910 prius,
966 1842 1075 1913 quam
1092 1816 1176 1915 ple-

90 1922 200 2019 rique
224 1920 468 2013 arbitrantur,
492 1922 529 1993 in
557 1919 660 1994 Italia
690 1921 878 2011 floruisse,
903 1926 1175 2000 concedendum

90 2040 180 2114 est,
210 2026 469 2126 Xenophanem
498 2053 572 2100 non
597 2030 642 2101 ad
666 2027 916 2128 Olympiadem
946 2029 995 2123 64
1020 2033 1174 2126 vixisse,

141 2240 330 2313 Praeterea
358 2240 426 2312 alia
452 2241 507 2313 his
528 2234 705 2316 accedunt
726 2242 867 2316 indicia.
886 2246 1081 2317 Madasum-
1098 2246 1174 2316 im.-

92 2357 220 2442 petus,
247 2351 352 2444 cujus
373 2349 411 2420 in
440 2375 547 2424 versu
571 2350 730 2448 quodam
753 2352 942 2444 meminit,
958 2354 1074 2426 factus
1100 2363 1178 2426 erat
1208 2439 1213 2445 ὓ

91 2451 235 2552 Olymp.
253 2454 301 2553 59
317 2482 325 2526 :
340 2456 440 2528 hunc
460 2455 523 2528 ille
544 2469 720 2554 memorat
742 2469 916 2555 tanquam
935 2458 1177 2532 rem'dudum

91 2573 196 2632 antea
246 2575 378 2656 estam,
397 2575 440 2636 ut
455 2576 647 2660 appareat,
669 2563 706 2636 id
732 2562 857 2636 multis
872 2567 974 2636 annis
990 2578 1110 2662 postea
1129 2567 1176 2638 ab
1283 2652 1285 2655 v

91 2692 135 2739 eo
159 2586 333 2766 scribtum
359 2695 443 2742 esse.
467 2670 575 2742 Porro
604 2675 704 2744 Velia
731 2670 855 2743 Italiae
875 2672 1130 2744 urbscondita
1153 2701 1174 2744 a

91 2775 373 2850 Phocaeensibus
399 2777 541 2877 Olymp.
567 2776 639 2869 61,
668 2803 780 2877 quam
804 2779 983 2851 conditam
1003 2779 1178 2856 habitavit

90 2881 222 2955 deinde
241 2895 278 2955 et
298 2883 457 2956 versibus
476 2883 668 2958 celebravit
687 2885 927 2983 Xenophanes
949 2913 957 2958 :
983 2887 1082 2960 unde
1098 2887 1175 2960 col-

91 2986 155 3085 ligi
179 3001 297 3086 potest
319 3017 338 3062 a
360 2991 501 3063 condita
528 2991 594 3064 hac
622 2991 714 3062 urbe
739 2991 783 3062 ad
804 2995 882 3087 ejus
905 3005 1059 3064 mortem
1073 2993 1174 3070 haud

92 3098 268 3194 exiguum
292 3124 470 3172 annorum
490 3098 857 3194 intervallumfuisse.
876 3103 966 3173 Satis
982 3102 1071 3175 haec
1094 3129 1175 3176 om-

90 3206 152 3275 nia
180 3207 350 3278 videntur
377 3207 527 3304 probare
559 3208 788 3305 Xenophanis
819 3222 999 3303 aetatem,
1028 3237 1102 3285 uon
1131 3225 1176 3286 ut

91 3310 330 3409 Apollodorus
356 3315 498 3406 statuit,
524 3316 617 3387 intra
638 3317 945 3414 quadragesimam
961 3330 998 3392 et
1023 3346 1174 3419 sexage-

90 3418 217 3490 simam
240 3433 405 3517 quartam
428 3420 656 3520 OIympiades
680 3425 877 3519 contineri,
902 3426 964 3500 sed
986 3425 1170 3524 aliquanto
1281 3484 1285 3490 -

91 3524 298 3600 inferiorem
322 3552 396 3600 esse
423 3528 638 3625 ponendam.

79 3815 81 3820 ’
134 3819 202 3902 (15)
227 3822 290 3883 Vid.
311 3825 386 3884 infra
406 3824 507 3902 fragm.
525 3823 641 3886 XVIII.

132 3909 198 3990 (16)
220 3911 303 3986 Quod
321 3915 430 3994 saepius
447 3913 493 3973 ille
512 3927 540 3972 et
557 3925 631 3973 recte
648 3911 737 3984 dicit,
758 3913 846 3974 veluti
864 3936 895 3994 p.
914 3935 963 3974 21.
977 3949 1017 3961 -
1046 3943 1062 3977 u
1077 3919 1172 3984 l’6cole

93 3999 342 4080 Pythagoricienne
364 4004 412 4081 qui
434 3997 596 4062 renfermait
618 4003 643 4062 le
665 4023 759 4082 germe
781 4003 817 4064 de
839 4004 933 4064 l'ecole
958 3998 1055 4070 d'Ele'e
1077 4014 1174 4093 etqui

93 4102 161 4170 peut
179 4110 215 4150 en
233 4091 291 4152 itte
311 4093 472 4155 eonsIdere'e
492 4114 597 4154 comme
616 4095 642 4154 la
662 4094 747 4154 merc.
765 4118 781 4150 a
