2842 4884
526 429 742 473 curiosorum.
1106 413 1171 476 123

83 594 141 653 est
157 582 261 680 quod
281 582 520 678 Xenophanes
539 588 570 652 τὸ
581 582 697 679 ἄπειρον
714 581 801 654 dicit
820 583 885 652 aire
901 593 994 679 ἀρχὴν
1010 583 1076 654 αὔτε
1086 595 1171 676 μέσον

80 688 151 759 οὔτε
175 694 259 767 τέλος
279 689 372 781 ἔχειν.
390 689 549 760 Eandem
571 688 817 761 definitionem
843 701 1027 787 tamquam
1050 705 1171 763 notam

81 808 247 891 usurpat
272 795 371 866 Plato
402 798 441 865 in
466 794 640 885 Philebo,
671 795 972 892 Pythagoreorum
1005 797 1171 895 exemplo

83 909 115 971 τὸ
144 902 270 998 σ’ίπειρσν
307 915 464 975 statuens
496 916 541 972 τσῦ
572 913 645 995 μήτε
673 912 767 999 ἀρχὴν
796 913 868 992 μήτε
891 913 968 994 μέσα
999 917 1073 996 μήτε
1095 910 1172 986 τέλος

82 1000 137 1104 ἀφ’
165 1017 268 1078 {aurat
291 1017 321 1080 ἐν
345 1011 436 1103 ἑαυτῷ
460 1007 573 1099 ἔχοντες
598 1018 701 1103 γέννας.
729 1009 773 1079 In
790 1008 1001 1084 Parmenide
1026 1036 1172 1108 quoque

81 1112 336 1187 Eleaticornm
371 1116 513 1212 vestigia
546 1112 666 1212 legens
696 1115 821 1188 eadem
861 1118 979 1186 utitur
1013 1117 1171 1217 descrip-

82 1222 189 1294 tione
211 1220 238 1258 ³⁵
251 1249 261 1312 3
282 1222 379 1293 unde
403 1225 484 1296 satis
509 1235 681 1321 apparet,
713 1223 944 1319 Xenophanis
981 1223 1080 1296 illam
1112 1253 1172 1298 ar-

80 1332 400 1425 gumentationem
442 1331 663 1426 antiquitatis
703 1331 916 1402 auctoritate
948 1331 1026 1402 niti.
1057 1333 1173 1429 Igitur

83 1443 114 1506 τὸ
143 1437 296 1534 ἄπειρον,
327 1438 425 1536 quod
459 1435 576 1508 nullas
606 1437 736 1509 habeat
769 1450 899 1534 partes,
924 1462 998 1508 esse
1027 1440 1173 1512 omnino

84 1556 224 1640 negat,
254 1545 473 1615 contrarium
504 1555 626 1614 autem
657 1549 688 1614 τὸ
715 1553 926 1640 πεπερασμένον
950 1567 1021 1613 non
1052 1569 1171 1616 unum

85 1673 162 1720 esse
205 1649 270 1721 sed
305 1647 441 1737 multa,
484 1649 513 1719 si
552 1651 699 1746 quidem
744 1651 856 1722 tribus
899 1648 969 1721 illis
1012 1663 1171 1743 constet,

86 1781 253 1852 quorum
282 1755 381 1827 aliud
409 1781 453 1827 ex
484 1756 553 1826 alio
571 1761 790 1830 extrinsecus
808 1759 907 1831 cerni
926 1783 1065 1830 necesse
1091 1764 1135 1830 sit
1162 1787 1171 1830 ε

86 1871 130 1932 ἀεὶ
163 1873 314 1958 περαίνειν
339 1871 449 1955 ἀναγκὴ
474 1862 566 1958 ἕτερα)
595 1870 662 1958 πρὸς
687 1864 801 1958 ἕτερον,
829 1876 872 1935 ut
896 1863 1101 1936 Aristoteles
1119 1865 1173 1936 di·

88 1971 138 2039 cit
155 1967 193 2038 ³⁶.
214 1970 351 2040 Harum
365 1969 475 2066 igitur
496 1968 726 2041 affectionum
750 1984 917 2042 neutram
942 1983 1062 2043 censet
1085 1997 1171 2044 cum

88 2073 156 2146 nei
181 2088 314 2146 natura
346 2100 563 2171 congruere,
584 2075 680 2172 quod
708 2101 805 2146 nnus
832 2077 877 2147 sit
911 2080 1082 2174 omnique
1099 2078 1172 2151 hu·

91 2208 286 2254 manarum
306 2208 426 2254 rerum
455 2185 662 2280 contagione
691 2209 828 2256 vacans.
855 2183 947 2258 Cum
975 2210 1048 2281 quo
1073 2211 1173 2258 com-

92 2292 213 2384 para'ri
226 2302 339 2387 potest
372 2288 688 2361 celebratissimum
714 2288 808 2361 illud
845 2291 1067 2388 antiquitatis
1091 2291 1171 2364 effa·

93 2408 173 2466 turn
210 2399 249 2467 in
279 2396 440 2494 Orphicis
471 2397 673 2494 proditum,
705 2423 779 2496 quo
807 2398 949 2495 Jupiter
976 2426 1073 2472 unus
1095 2403 1171 2497 ipse

93 2516 227 2578 cuncta
252 2517 375 2576 tenere
400 2504 626 2602 praedicatur
655 2502 700 2574 ³⁷:

192 2701 290 2787 ἀρχὴν
312 2693 393 2769 αὐτὸς
415 2690 493 2782 ἔχων
521 2697 570 2762 καὶ
596 2700 737 2783 μέσσατον
752 2693 802 2770 ἠδὲ
828 2694 973 2768 τελευτήν.

96 2909 236 2986 Deinde
266 2913 362 3010 quod
386 2913 505 2986 Deum
530 2935 597 2982 nec
616 2908 825 2982 inmobilem
856 2935 928 2985 esse
947 2933 1068 3007 neque
1087 2935 1169 2982 mo-

96 3019 170 3090 veri
193 3031 338 3106 censet,
365 3018 430 3090 hoc
454 3015 625 3113 placitum
644 3043 663 3088 a
683 3016 902 3112 Xenophane
922 3041 966 3087 ex
991 3019 1065 3112 ipsa
1091 3043 1170 3089 mo·

98 3135 152 3194 tus
181 3138 313 3198 natura
346 3124 528 3222 probatur.
555 3123 657 3216 Quae
685 3124 868 3222 quaestio,
895 3121 1055 3196 multum
1076 3125 1171 3198 inter

98 3423 103 3440 ⁸
139 3413 204 3490 (35)
226 3414 303 3474 Plato
321 3414 426 3474 Phileb.
447 3435 475 3496 p.
498 3417 532 3475 31
556 3417 589 3473 Α.
610 3414 736 3474 Parmen.
752 3434 781 3494 p.
805 3411 861 3489 145
881 3416 913 3472 Α.

137 3540 200 3619 (36)
223 3543 338 3602 tristor.
361 3540 442 3623 Phys.
466 3539 576 3620 111,4.
599 3561 626 3622 p.
653 3540 712 3622 275
734 3543 766 3599 A.
799 3538 882 3600 Unde
908 3539 986 3598 Plato
1006 3540 1035 3596 in
1055 3536 1168 3598 Philebo

102 3627 138 3687 25
161 3631 197 3690 D.
219 3631 266 3700 vals
287 3643 335 3692 τοῦ
360 3630 554 3713 reparanda&
575 3632 652 3705 <Drion
678 3633 878 3712 interpretatur
903 3627 950 3696 cair
972 3640 1020 3688 τοῦ·
1043 3629 1100 3686 ἴσον
1123 3625 1170 3686 καὶ

101 3717 251 3785 διπλασίου
286 3723 332 3785 nal
372 3722 456 3791 o'm'rn
493 3721 575 3784 aeao'u
611 3719 676 3804 arpis
709 3718 824 3788 {aaran
863 3716 992 3780 τίναντιά
1030 3717 1169 3798 araphae

102 3806 115 3831 V

104 3837 208 3884 εχαεπα.

141 3937 203 4019 (37)
223 3937 279 3999 vid
294 3936 415 4019 Orphica
432 3937 527 3996 Herm.
549 3959 578 4016 p.
602 3933 680 4012 451,
703 3955 746 3993 vs.
771 3931 820 3993 35.
839 3950 919 4010 quem
939 3928 1029 3988 locum
1054 3930 1167 4012 plurimi

104 4026 247 4176 sscripfftoqqs
267 4027 383 4198 lqnilpsa
409 4025 525 4086 Platone
549 4024 719 4085 laudarunt:
738 4023 775 4081 cf.
799 4017 949 4099 Wyttenb.
972 4018 1009 4078 ad
1030 4019 1168 4082 Plutarch.
