2842 4884
226 356 271 420 28
676 375 871 420 xenoansnrs

227 529 380 603 aliorum
396 523 607 602 testimoniis
627 539 666 599 et
685 527 779 598 fama
796 524 983 600 retulisse:
998 549 1156 624 quorum
1173 526 1313 626 singula

225 635 303 708 loca
325 637 366 706 in
389 632 609 731 explicandis
633 636 714 728 ejus
735 633 944 731 fragmentis
969 645 1006 704 et
1025 630 1164 730 placitis
1187 635 1314 731 expri-
1420 659 1421 708 l

224 744 356 817 menda
382 754 491 834 sunt3
520 766 621 813 nunc
646 741 856 839 praecipuos
880 753 1042 814 auctores
1064 740 1222 818 breviter
1247 766 1312 813 no-

224 851 393 924 tabimus.

250 959 415 1028 ‘Horum
444 953 679 1058 antiquissimi
706 968 744 1028 et
769 955 963 1055 gravissimi
990 965 1078 1027 sunt
1104 956 1315 1027 Aristoteles
1420 947 1421 1034 l

225 1079 262 1138 et
294 1069 578 1158 Theophrastus,
603 1087 692 1160 quos
713 1063 754 1133 in
779 1061 990 1160 explicanda
1013 1060 1112 1133 illius
1134 1064 1315 1134 sententia

225 1195 269 1242 ex
295 1170 371 1266 ipso
396 1171 493 1241 fonte
517 1171 673 1241 hausisse
691 1194 799 1241 nemo
805 1220 820 1254 ,
849 1170 914 1266 qui
932 1167 1154 1266 diligentiam
1183 1192 1315 1239 eorum

225 1269 407 1373 cognorit,
437 1276 540 1348 facile
565 1274 736 1368 dubitet,
760 1302 800 1346 ac
827 1276 896 1345 nisi
925 1275 1108 1372 integrum
1135 1273 1314 1346 haberent

225 1407 393 1475 carmen,
422 1381 520 1478 quod
552 1407 626 1452 non
650 1393 703 1452 est
731 1379 942 1478 probabile,
972 1380 1072 1452 haud
1095 1392 1218 1451 tamen
1242 1380 1315 1452 du·

225 1489 329 1562 bium
359 1501 412 1561 est
426 1507 447 1580 ,'
462 1489 553 1587 quin
580 1487 688 1560 multi
714 1489 823 1560 etiam
851 1499 934 1560 tum
962 1498 1189 1585 superessent
1211 1484 1319 1558 illius
1420 1509 1421 1556 t

224 1623 369 1690 versus,
396 1597 585 1668 doctorum
606 1595 797 1667 hominum
823 1607 897 1666 tam
926 1594 1167 1668 Eleatieorum
1199 1619 1316 1692 quam

227 1703 398 1796 aliorum,
413 1701 478 1800 qui
492 1700 600 1785 illum
612 1700 784 1774 aemulati
797 1714 936 1793 essent,
957 1714 1000 1776 ut
1016 1707 1204 1792 Heracliti,
1225 1704 1318 1770 Em-'
1420 1703 1421 1746 l

127 1905 130 1912 Ι
221 1813 386 1908 pedestris,
412 1811 582 1882 memoria
598 1811 730 1908 proditi
755 1808 791 1880 ⁶⁰.
820 1809 938 1882 Ambo
961 1822 1084 1883 autem
1112 1807 1167 1878 illi
1193 1832 1315 1905 quum
1420 1829 1421 1918 j

224 1921 265 1992 in
288 1919 499 2017 explicanda
515 1929 686 1994 veterum
699 1919 876 1990 sententia
894 1919 1009 1990 rarius
1023 1919 1183 2016 ipsorum
1202 1915 1317 1990 verba
1420 1973 1421 2010 ,

224 2025 374 2100 laudare
399 2025 555 2118 soleant,
581 2026 717 2098 factum
741 2037 793 2097 est
816 2039 859 2098 ut
882 2024 1162 2123 eorumscriptis
1181 2021 1315 2120 placita
1420 2023 1421 2060 ³

210 2135 460 2231 antiquorum
481 2134 682 2231 permulta,
703 2133 798 2205 dicta
815 2158 899 2207 vero
918 2134 1078 2229 nonnisi
1098 2159 1212 2231 pauca
1240 2133 1315 2204 sint
1420 2133 1421 2182 t

224 2243 418 2314 memoriae
448 2241 599 2340 prodita.
623 2242 687 2312 His
710 2241 864 2339 proximi
894 2253 981 2314 sunt
1015 2241 1190 2338 Sceptici,
1216 2240 1315 2313 docti

224 2348 300 2420 fere
321 2347 480 2420 homines
504 2359 540 2420 et
559 2346 769 2446 diligentes,
795 2349 891 2420 inter
911 2374 1000 2446 quos
1021 2347 1213 2445 praecipue
1232 2372 1315 2419 me-

18 2433 21 2443 i
103 2529 105 2534 ,
223 2456 417 2528 morandus
449 2461 545 2528 Timo
570 2453 633 2528 ille
660 2461 862 2549 Phliasius,
883 2454 1078 2528 Ptolemaei
1100 2469 1145 2526 τοῦ
1168 2455 1314 2553 φιλαδέλ-

225 2594 272 2664 pou
296 2562 454 2660 aequalis
467 2564 530 2658 (a.
546 2561 629 2633 Chr.
649 2561 773 2660 270.),
789 2563 853 2659 qui
875 2562 1105 2659 Xenophanis
1123 2586 1315 2659 personam

224 2671 264 2742 in
290 2671 448 2742 carmine
474 2669 620 2742 induxit
644 2668 689 2742 de
712 2667 934 2766 philosophia
958 2668 1199 2740 disserentem.
1216 2668 1314 2740 Huic

223 2778 263 2848 in
276 2776 524 2875 cognoscendis
542 2775 639 2848 illius
664 2774 801 2873 placitis
825 2775 1046 2871 antiquitatis
1061 2773 1217 2845 subsidia
1236 2800 1315 2847 non

222 2882 333 2982 plane
344 2884 529 2976 defecisse,
548 2883 609 2956 sed
622 2880 745 2980 plures
761 2882 880 2955 adhuc
895 2881 1125 2979 Xenophanis
1140 2880 1313 2979 reliquias

224 2991 464 3086 superfuisse,
489 2991 570 3061 satis
597 2987 783 3087 probabile
811 3002 873 3061 est.
904 2991 958 3061 Ex
983 2989 1114 3061 horum
1144 2987 1311 3060 aliorum-

226 3121 322 3193 que,
343 3098 408 3192 qui
433 3096 488 3168 bis
512 3108 628 3183 aetate
652 3096 807 3193 proximi
832 3096 1009 3186 fuerunt,
1033 3095 1171 3192 scriptis
1194 3093 1315 3193 plera-

225 3226 299 3300 que
311 3198 453 3274 fluxisse
467 3201 659 3295 videntur,
687 3227 781 3300 quae
797 3201 1050 3298 posterioribus
1066 3202 1111 3275 de
1124 3200 1187 3273 illo
1205 3204 1312 3274 inno-

157 3399 160 3404 ·
224 3317 390 3380 tuerunt.
408 3309 498 3379 Nam
514 3309 578 3406 qui
596 3319 675 3405 post
694 3307 774 3379 illos
790 3308 836 3380 de
852 3307 1072 3406 Xenophane
1088 3310 1314 3393 mentionem

223 3413 411 3505 fecerunt,
440 3419 575 3506 Cicero,
596 3427 632 3487 et
646 3417 712 3513 qui
727 3414 852 3487 eodem
866 3415 941 3488 fere
963 3427 1124 3514 tempore
1140 3416 1230 3490 vixit
1245 3420 1314 3500 lli-
1420 3495 1421 3506 2

103 3521 112 3531 ”
226 3527 342 3594 celeus
366 3528 626 3614 Damascenua,
654 3521 913 3620 Peripateticus
931 3519 973 3614 ⁶¹,
1007 3535 1044 3596 et
1065 3524 1128 3622 qui
1147 3534 1227 3620 post
1241 3520 1313 3595 ali·
1420 3559 1421 3594 r

266 3741 332 3825 (60)
353 3745 511 3805 Heracliti
535 3745 705 3804 mentionem
726 3763 809 3826 supra
830 3740 952 3805 vidimus
966 3744 1032 3828 'qot
1048 3741 1097 3822 24.
1118 3745 1314 3823 Empedoclis

224 3853 340 3908 versus,
372 3834 473 3913 quibus
502 3832 675 3915 Xenophani
702 3833 894 3905 contradixit,
923 3844 1058 3894 memorat
1083 3833 1246 3894 Aristoteles
1273 3831 1312 3893 de

226 3924 311 3985 Coelo
331 3924 376 3997 ll,
401 3926 455 4000 13,
477 3947 506 4006 p.
528 3923 597 4008 364.
617 3925 653 3983 D.
713 3988 716 3999 ,
1019 3933 1022 3936 “
1420 3983 1421 3998 ,

265 4013 330 4094 (61)
349 4015 457 4076 Nicolai
483 4017 654 4076 mentionem
678 4016 749 4077 facit
773 4015 932 4099 Simplicius
951 4015 1026 4077 infra
1051 4015 1080 4073 in
1106 4015 1186 4097 Disp.
1212 4008 1314 4076 nostra
1420 4005 1421 4032 ¹

226 4103 261 4168 de
280 4104 416 4188 Xenoph.
436 4104 537 4188 philos.
558 4107 592 4186 1,
613 4103 629 4186 S
650 4105 688 4186 4,
710 4127 736 4167 e.
