2842 4884
702 442 895 487 xlttornams

755 656 841 719 XXI.

302 860 512 934 Athenaeus
527 859 597 953 xl,
617 884 654 958 p.
676 857 769 952 462,
789 859 1032 957 fragmentum
1051 861 1117 936 hoc
1137 864 1246 939 refert
1261 894 1336 939 car·

254 968 362 1041 minis
382 965 597 1058 convivalis,
622 968 663 1037 in
700 991 776 1064 quo
799 978 1062 1064 temperantem
1090 969 1239 1069 quidem
1276 973 1338 1047 scd
1370 998 1378 1007 ·

231 1074 376 1183 'tamen
393 1073 601 1170 Jucundum
618 1076 806 1150 convivam
826 1087 865 1147 et
880 1100 1027 1152 suavem
1043 1081 1132 1149 ἀοιδὸν
1149 1106 1337 1180 agnoscas:

352 1284 415 1353 Νῦν
442 1288 500 1377 γάρ
523 1282 560 1365 δὴ
585 1283 707 1362 ζάπεδον
731 1286 867 1376 καθαρὸν
892 1286 942 1349 καὶ
969 1300 1068 1377 χεῖρες
1091 1292 1225 1353 ἁπάντων
1275 1274 1279 1295 '

400 1393 452 1456 καὶ
471 1389 604 1466 κύλικες·
631 1390 777 1465 πλεκτώς-
792 1381 821 1456 δ’
845 1392 1011 1483 ἀρφιτιθείς
1034 1398 1190 1485 ςεράνοος,

276 1547 279 1553 -
352 1492 442 1572 ἄλλος
466 1487 495 1564 δ’
520 1494 623 1571 εὐῶδες
643 1498 731 1589 μύρον
752 1499 783 1565 ἐν
808 1496 894 1590 φιάλῃ
917 1500 1100 1589 παρατείνει·

400 1611 515 1698 κρατὴρ
537 1594 567 1671 δ’
590 1601 711 1682 ἕστηκεν
734 1605 824 1694 μεςὸς
848 1604 1036 1697 ἐϋφροσύνης·

255 1708 277 1781 5
328 1709 439 1802 atllp
462 1701 498 1792 i’⁴
516 1704 583 1786 οἶνος
607 1708 712 1799 ἕτοιμος
735 1709 766 1785 ὃς
789 1705 888 1777 οὔποτε
915 1714 981 1804 φησὶ
1001 1708 1176 1804 προδώσειν,

372 1893 375 1899 ,
401 1818 557 1908 μειθιχος,
583 1822 614 1885 ἐν
638 1823 794 1911 κεράμοις,
819 1813 927 1892 σ’ίνθεσς
953 1816 1115 1906 ὀσδόριενσς·

357 1922 441 1991 ἐνδὲ
465 1929 560 2014 μέσοις
584 1931 674 2015 ἁγνὴν
700 1920 788 2011 ὀδμὴν
812 1920 975 2007 λιβανωτὸς
1000 1928 1080 2001 ἰἠοι·

402 2033 510 2125 ψυχρὸν
533 2022 562 2099 δ’
582 2032 643 2112 ε’ςίν
663 2028 743 2123 ὕδωρ
767 2033 816 2097 καὶ
839 2030 929 2122 γλυκὺ
953 2033 1003 2097 καὶ
1024 2033 1175 2125 καθαρόν·

353 2146 523 2231 πάρκεινται
544 2130 575 2207 δ’
592 2136 674 2231 ἄρτοι
699 2140 805 2220 ξανθοὶ
827 2147 937 2233 γεραρή
960 2164 992 2207 τε
1013 2145 1143 2233 τράπεζα

262 2238 307 2315 10
405 2255 485 2339 τνρώ
509 2248 559 2312 καὶ
579 2247 691 2336 μελιτος
714 2254 802 2321 πίονος
826 2242 999 2336 ἀχθομένη·

355 2350 452 2442 βῶμος
471 2341 503 2418 δ’
522 2349 649 2418 ἄνθεσιν
675 2350 744 2418 αὐτὸ
765 2347 852 2442 μέσον
874 2360 967 2432 πάντη
989 2356 1179 2437 ratasque,

402 2460 499 2550 μολπὴ
521 2451 550 2527 δ’
563 2463 647 2555 άριφὶς
666 2456 733 2549 ἔχει
756 2458 880 2550 δώματα
902 2463 959 2530 καὶ
973 2461 1080 2540 θαλίη.

248 2568 251 2574 ’
354 2568 422 2661 Χρὴ
443 2566 475 2635 δὲ
498 2582 607 2661 πρῶτον
630 2569 685 2658 μὲν
709 2568 778 2635 θεὸν
800 2569 886 2657 ῠρνὲν
909 2563 1043 2663 ἐΰρρονας
1066 2564 1177 2660 ἄνδρας

255 2870 342 2934 XXI.
363 2874 480 2955 Jamque
503 2875 578 2936 enim
602 2874 711 2935 lautum
737 2886 779 2934 est
802 2874 1014 2955 pavimentum,
1042 2872 1134 2933 lautae
1157 2871 1348 2937 convivarum

1241 2984 1346 3025 manus

371 3064 400 3112 et
420 3052 542 3112 calices:
565 3052 635 3112 alius
656 3052 782 3132 plectiles
802 3053 923 3134 imponit
942 3073 1075 3127 coronas,

370 3142 439 3201 alius
460 3140 607 3202 odoratum
626 3154 803 3222 unguentum
825 3143 856 3201 in
876 3142 970 3224 phiala
988 3142 1129 3203 ministrat
1146 3166 1155 3213 3

359 3244 450 3292 crater
466 3231 557 3292 adstat
575 3231 671 3313 gaudii
690 3245 719 3292 et
738 3231 902 3293 deliciarum
922 3235 1042 3313 plenus;

256 3321 276 3382 5
367 3322 414 3382 alii
436 3335 529 3384 autem
546 3325 645 3387 vinum
665 3334 777 3405 praesto
797 3335 855 3400 est,
875 3322 951 3403 quod
970 3324 1103 3387 convivas
1118 3322 1196 3383 haud
1215 3324 1349 3405 profecta

1209 3412 1351 3489 deficiet,

366 3500 465 3577 dulce,
484 3502 516 3560 in
533 3499 616 3562 doliis
635 3514 782 3583 paratum,
804 3520 917 3564 suavem
938 3498 1068 3584 spiritum
1088 3502 1250 3563 exhalans·

372 3591 485 3652 Medios
500 3604 591 3651 antem
605 3592 680 3650 inter
696 3592 830 3653 convivas
846 3604 952 3651 castum
962 3591 1077 3653 odorem
1094 3591 1179 3653 thura
1192 3593 1348 3667 emittunt3

367 3681 473 3764 frigida
492 3703 601 3762 quaque
623 3680 702 3743 adest
721 3704 792 3761 aqua
812 3696 840 3743 et
852 3682 943 3745 dulcis
963 3694 991 3743 et
1010 3703 1095 3765 pura3

369 3773 490 3855 appositi
498 3784 563 3831 sunt
572 3791 658 3853 panes
678 3776 725 3834 avi
745 3792 894 3851 mensaque
913 3773 989 3832 lauta

260 3884 297 3924 ιο
368 3864 466 3946 pingui
486 3882 565 3923 maes
584 3874 613 3921 et
632 3862 716 3942 melle
736 3874 847 3924 onusta.

364 3955 515 4035 Suggestus
533 3954 564 4013 in
583 3955 677 4015 medic
696 3966 739 4014 est
759 3952 854 4013 oribus
875 3953 979 4015 circum
998 3953 1118 4036 stipatus
1134 3978 1143 4033 ;

365 4056 450 4103 cantu
468 4056 563 4105 autem
583 4056 716 4107 resonant
735 4042 817 4105 aedes
840 4056 868 4104 et
883 4044 1005 4105 convivii
1024 4043 1138 4125 gaudia.

367 4134 430 4195 Jam
448 4136 570 4217 primum
588 4135 668 4197 decet
687 4136 791 4218 probos
810 4134 937 4204 hemines
958 4136 1050 4195 Deum
1070 4136 1200 4197 venerari
