<?xml version="1.0" encoding="UTF-8"?>
<!DOCTYPE html PUBLIC "-//W3C//DTD XHTML 1.0 Transitional//EN"
    "http://www.w3.org/TR/xhtml1/DTD/xhtml1-transitional.dtd">
<html xmlns="http://www.w3.org/1999/xhtml" xml:lang="en" lang="en">
 <head>
  <title>
</title>
<meta http-equiv="Content-Type" content="text/html;charset=utf-8" />
  <meta name='ocr-system' content='tesseract 3.04.00' />
  <meta name='ocr-capabilities' content='ocr_page ocr_carea ocr_par ocr_line ocrx_word'/>
</head>
<body>
  <div class='ocr_page' id='page_1' title='image "./xenophaniscolop01karsgoog_0185.png"; bbox 0 0 2842 4884; ppageno 0'>
   <div class='ocr_carea' id='block_1_1' title="bbox 525 403 1168 467">
    <p class='ocr_par' dir='ltr' id='par_1_1' title="bbox 525 403 1168 467">
     <span class='ocr_line' id='line_1_1' title="bbox 525 403 1168 467; baseline 0.002 -12"><span class='ocrx_word' id='word_1_1' title='bbox 525 412 739 459; x_wconf 73' lang='lat' dir='ltr'><strong>annosorum.</strong></span> <span class='ocrx_word' id='word_1_2' title='bbox 1107 403 1168 467; x_wconf 71' lang='lat'><strong>151</strong></span> 
     </span>
    </p>
   </div>
   <div class='ocr_carea' id='block_1_2' title="bbox 27 562 1259 3855">
    <p class='ocr_par' dir='ltr' id='par_1_2' title="bbox 27 562 1259 3855">
     <span class='ocr_line' id='line_1_2' title="bbox 91 562 1173 664; baseline 0.013 -33"><span class='ocrx_word' id='word_1_3' title='bbox 91 583 178 631; x_wconf 83' lang='lat' dir='ltr'><strong>raro</strong></span> <span class='ocrx_word' id='word_1_4' title='bbox 195 570 325 633; x_wconf 86' lang='lat' dir='ltr'><strong>terram</strong></span> <span class='ocrx_word' id='word_1_5' title='bbox 339 590 359 633; x_wconf 89' lang='lat' dir='ltr'><strong>a</strong></span> <span class='ocrx_word' id='word_1_6' title='bbox 372 563 532 655; x_wconf 80' lang='lat' dir='ltr'><strong>nemine3</strong></span> <span class='ocrx_word' id='word_1_7' title='bbox 545 562 657 658; x_wconf 75' lang='lat' dir='ltr'><strong>huJus</strong></span> <span class='ocrx_word' id='word_1_8' title='bbox 667 564 806 637; x_wconf 86' lang='lat' dir='ltr'><strong>dictum</strong></span> <span class='ocrx_word' id='word_1_9' title='bbox 816 566 1048 664; x_wconf 85' lang='lat' dir='ltr'><strong>comprobant</strong></span> <span class='ocrx_word' id='word_1_10' title='bbox 1058 568 1173 644; x_wconf 86' lang='lat' dir='ltr'><strong>Philo·</strong></span> 
     </span>
     <span class='ocr_line' id='line_1_3' title="bbox 89 668 1170 772; baseline 0.016 -38"><span class='ocrx_word' id='word_1_11' title='bbox 89 690 211 762; x_wconf 90' lang='lat' dir='ltr'><strong>ponus</strong></span> <span class='ocrx_word' id='word_1_12' title='bbox 229 679 267 739; x_wconf 88' lang='lat' dir='ltr'><strong>et</strong></span> <span class='ocrx_word' id='word_1_13' title='bbox 288 668 515 766; x_wconf 78' lang='lat' dir='ltr'><strong>Simplicius:</strong></span> <span class='ocrx_word' id='word_1_14' title='bbox 536 670 575 741; x_wconf 94' lang='lat' dir='ltr'><strong>hi</strong></span> <span class='ocrx_word' id='word_1_15' title='bbox 589 696 672 769; x_wconf 86' lang='lat' dir='ltr'><strong>ergo</strong></span> <span class='ocrx_word' id='word_1_16' title='bbox 691 696 814 745; x_wconf 88' lang='lat' dir='ltr'><strong>omnes</strong></span> <span class='ocrx_word' id='word_1_17' title='bbox 828 674 1058 772; x_wconf 86' lang='lat' dir='ltr'><strong>Xenophanis</strong></span> <span class='ocrx_word' id='word_1_18' title='bbox 1076 676 1170 751; x_wconf 89' lang='lat' dir='ltr'><strong>illud</strong></span> 
     </span>
     <span class='ocr_line' id='line_1_4' title="bbox 89 770 1172 873; baseline 0.015 -32"><span class='ocrx_word' id='word_1_19' title='bbox 89 770 279 849; x_wconf 86' lang='lat' dir='ltr'><strong>decretum</strong></span> <span class='ocrx_word' id='word_1_20' title='bbox 295 787 361 846; x_wconf 90' lang='lat' dir='ltr'><strong>aut</strong></span> <span class='ocrx_word' id='word_1_21' title='bbox 383 777 591 873; x_wconf 84' lang='lat' dir='ltr'><strong>ignorarunt</strong></span> <span class='ocrx_word' id='word_1_22' title='bbox 608 790 671 849; x_wconf 89' lang='lat' dir='ltr'><strong>aut</strong></span> <span class='ocrx_word' id='word_1_23' title='bbox 690 776 948 853; x_wconf 79' lang='lat' dir='ltr'><strong>intellexerunt</strong></span> <span class='ocrx_word' id='word_1_24' title='bbox 973 780 1086 853; x_wconf 90' lang='lat' dir='ltr'><strong>aliter.</strong></span> <span class='ocrx_word' id='word_1_25' title='bbox 1113 771 1172 857; x_wconf 77' lang='lat' dir='ltr'><strong>Sic</strong></span> 
     </span>
     <span class='ocr_line' id='line_1_5' title="bbox 76 874 1173 987; baseline 0.015 -39"><span class='ocrx_word' id='word_1_26' title='bbox 76 874 210 951; x_wconf 90' lang='lat' dir='ltr'><strong>&#39;omnia</strong></span> <span class='ocrx_word' id='word_1_27' title='bbox 237 881 296 985; x_wconf 84' lang='lat' dir='ltr'><strong>illa</strong></span> <span class='ocrx_word' id='word_1_28' title='bbox 321 908 414 980; x_wconf 85' lang='lat' dir='ltr'><strong>quae</strong></span> <span class='ocrx_word' id='word_1_29' title='bbox 437 884 482 956; x_wconf 86' lang='lat' dir='ltr'><strong>de</strong></span> <span class='ocrx_word' id='word_1_30' title='bbox 505 885 691 959; x_wconf 87' lang='lat' dir='ltr'><strong>elementis</strong></span> <span class='ocrx_word' id='word_1_31' title='bbox 713 886 747 959; x_wconf 87' lang='lat' dir='ltr'><strong>ei</strong></span> <span class='ocrx_word' id='word_1_32' title='bbox 768 886 1019 961; x_wconf 85' lang='lat' dir='ltr'><strong>adscribuntur</strong></span> <span class='ocrx_word' id='word_1_33' title='bbox 1043 888 1173 987; x_wconf 86' lang='lat' dir='ltr'><strong>placita</strong></span> 
     </span>
     <span class='ocr_line' id='line_1_6' title="bbox 88 990 1172 1090; baseline 0.011 -33"><span class='ocrx_word' id='word_1_34' title='bbox 88 1009 202 1081; x_wconf 83' lang='lat' dir='ltr'><strong>quam</strong></span> <span class='ocrx_word' id='word_1_35' title='bbox 223 1014 351 1086; x_wconf 87' lang='lat' dir='ltr'><strong>parum</strong></span> <span class='ocrx_word' id='word_1_36' title='bbox 365 990 542 1089; x_wconf 80' lang='lat' dir='ltr'><strong>explorata</strong></span> <span class='ocrx_word' id='word_1_37' title='bbox 559 994 631 1064; x_wconf 87' lang='lat' dir='ltr'><strong>sint</strong></span> <span class='ocrx_word' id='word_1_38' title='bbox 655 1005 693 1064; x_wconf 88' lang='lat' dir='ltr'><strong>et</strong></span> <span class='ocrx_word' id='word_1_39' title='bbox 717 1018 828 1090; x_wconf 87' lang='lat' dir='ltr'><strong>quam</strong></span> <span class='ocrx_word' id='word_1_40' title='bbox 849 994 990 1067; x_wconf 85' lang='lat' dir='ltr'><strong>infirma</strong></span> <span class='ocrx_word' id='word_1_41' title='bbox 1007 997 1172 1071; x_wconf 89' lang='lat' dir='ltr'><strong>nitantur</strong></span> 
     </span>
     <span class='ocr_line' id='line_1_7' title="bbox 88 1096 1172 1197; baseline 0.014 -36"><span class='ocrx_word' id='word_1_42' title='bbox 88 1096 327 1186; x_wconf 89' lang='lat' dir='ltr'><strong>auctoritate,</strong></span> <span class='ocrx_word' id='word_1_43' title='bbox 356 1101 436 1171; x_wconf 90' lang='lat' dir='ltr'><strong>satis</strong></span> <span class='ocrx_word' id='word_1_44' title='bbox 473 1100 659 1172; x_wconf 88' lang='lat' dir='ltr'><strong>manifesto</strong></span> <span class='ocrx_word' id='word_1_45' title='bbox 694 1111 816 1197; x_wconf 75' lang='lat' dir='ltr'><strong>patere</strong></span> <span class='ocrx_word' id='word_1_46' title='bbox 851 1098 1012 1173; x_wconf 78' lang='lat' dir='ltr'><strong>arbitror.</strong></span> <span class='ocrx_word' id='word_1_47' title='bbox 1047 1102 1172 1176; x_wconf 87' lang='lat' dir='ltr'><strong>Xeno·</strong></span> 
     </span>
     <span class='ocr_line' id='line_1_8' title="bbox 88 1198 1172 1305; baseline 0.012 -35"><span class='ocrx_word' id='word_1_48' title='bbox 88 1198 249 1295; x_wconf 89' lang='lat' dir='ltr'><strong>phanem</strong></span> <span class='ocrx_word' id='word_1_49' title='bbox 274 1217 414 1303; x_wconf 85' lang='lat' dir='ltr'><strong>praetor</strong></span> <span class='ocrx_word' id='word_1_50' title='bbox 444 1232 560 1279; x_wconf 86' lang='lat' dir='ltr'><strong>unum</strong></span> <span class='ocrx_word' id='word_1_51' title='bbox 594 1205 686 1278; x_wconf 90' lang='lat' dir='ltr'><strong>illud</strong></span> <span class='ocrx_word' id='word_1_52' title='bbox 719 1218 829 1303; x_wconf 90' lang='lat' dir='ltr'><strong>atque</strong></span> <span class='ocrx_word' id='word_1_53' title='bbox 853 1231 1037 1279; x_wconf 86' lang='lat' dir='ltr'><strong>summum</strong></span> <span class='ocrx_word' id='word_1_54' title='bbox 1067 1212 1172 1305; x_wconf 85' lang='lat' dir='ltr'><strong>prin·-</strong></span> 
     </span>
     <span class='ocr_line' id='line_1_9' title="bbox 90 1305 1172 1409; baseline 0.016 -36"><span class='ocrx_word' id='word_1_55' title='bbox 90 1305 247 1402; x_wconf 87' lang='lat' dir='ltr'><strong>cipium,</strong></span> <span class='ocrx_word' id='word_1_56' title='bbox 262 1311 298 1381; x_wconf 92' lang='lat' dir='ltr'><strong>in</strong></span> <span class='ocrx_word' id='word_1_57' title='bbox 315 1336 387 1409; x_wconf 88' lang='lat' dir='ltr'><strong>quo</strong></span> <span class='ocrx_word' id='word_1_58' title='bbox 404 1326 475 1385; x_wconf 89' lang='lat' dir='ltr'><strong>tota</strong></span> <span class='ocrx_word' id='word_1_59' title='bbox 494 1325 615 1385; x_wconf 89' lang='lat' dir='ltr'><strong>mente</strong></span> <span class='ocrx_word' id='word_1_60' title='bbox 633 1324 709 1385; x_wconf 87' lang='lat' dir='ltr'><strong>erat</strong></span> <span class='ocrx_word' id='word_1_61' title='bbox 721 1312 876 1401; x_wconf 77' lang='lat' dir='ltr'><strong>defixus,</strong></span> <span class='ocrx_word' id='word_1_62' title='bbox 896 1313 1004 1383; x_wconf 88' lang='lat' dir='ltr'><strong>etiam</strong></span> <span class='ocrx_word' id='word_1_63' title='bbox 1020 1326 1172 1389; x_wconf 83' lang='lat' dir='ltr'><strong>naturae</strong></span> 
     </span>
     <span class='ocr_line' id='line_1_10' title="bbox 90 1415 1174 1518; baseline 0.011 -37"><span class='ocrx_word' id='word_1_64' title='bbox 90 1415 270 1512; x_wconf 90' lang='lat' dir='ltr'><strong>principia</strong></span> <span class='ocrx_word' id='word_1_65' title='bbox 310 1420 531 1518; x_wconf 83' lang='lat' dir='ltr'><strong>investigasse</strong></span> <span class='ocrx_word' id='word_1_66' title='bbox 571 1417 615 1490; x_wconf 88' lang='lat' dir='ltr'><strong>ad</strong></span> <span class='ocrx_word' id='word_1_67' title='bbox 649 1443 743 1516; x_wconf 91' lang='lat' dir='ltr'><strong>quae</strong></span> <span class='ocrx_word' id='word_1_68' title='bbox 780 1430 952 1515; x_wconf 88' lang='lat' dir='ltr'><strong>tanquam</strong></span> <span class='ocrx_word' id='word_1_69' title='bbox 992 1417 1174 1493; x_wconf 84' lang='lat' dir='ltr'><strong>elementa</strong></span> 
     </span>
     <span class='ocr_line' id='line_1_11' title="bbox 90 1523 1172 1621; baseline 0.011 -35"><span class='ocrx_word' id='word_1_70' title='bbox 90 1541 147 1589; x_wconf 90' lang='lat' dir='ltr'><strong>res</strong></span> <span class='ocrx_word' id='word_1_71' title='bbox 172 1546 296 1595; x_wconf 89' lang='lat' dir='ltr'><strong>omnes</strong></span> <span class='ocrx_word' id='word_1_72' title='bbox 317 1525 525 1614; x_wconf 85' lang='lat' dir='ltr'><strong>reduceret,</strong></span> <span class='ocrx_word' id='word_1_73' title='bbox 552 1550 624 1595; x_wconf 89' lang='lat' dir='ltr'><strong>non</strong></span> <span class='ocrx_word' id='word_1_74' title='bbox 649 1536 702 1595; x_wconf 89' lang='lat' dir='ltr'><strong>est</strong></span> <span class='ocrx_word' id='word_1_75' title='bbox 725 1523 918 1620; x_wconf 81' lang='lat' dir='ltr'><strong>probabile.</strong></span> <span class='ocrx_word' id='word_1_76' title='bbox 956 1524 1070 1618; x_wconf 75' lang='lat' dir='ltr'><strong>Cuius</strong></span> <span class='ocrx_word' id='word_1_77' title='bbox 1097 1525 1172 1621; x_wconf 87' lang='lat' dir='ltr'><strong>opi-</strong></span> 
     </span>
     <span class='ocr_line' id='line_1_12' title="bbox 89 1624 1171 1725; baseline 0.009 -33"><span class='ocrx_word' id='word_1_78' title='bbox 89 1624 210 1695; x_wconf 88' lang='lat' dir='ltr'><strong>nionis</strong></span> <span class='ocrx_word' id='word_1_79' title='bbox 247 1640 456 1725; x_wconf 87' lang='lat' dir='ltr'><strong>argumento</strong></span> <span class='ocrx_word' id='word_1_80' title='bbox 495 1628 596 1700; x_wconf 91' lang='lat' dir='ltr'><strong>nobis</strong></span> <span class='ocrx_word' id='word_1_81' title='bbox 637 1642 689 1702; x_wconf 88' lang='lat' dir='ltr'><strong>est</strong></span> <span class='ocrx_word' id='word_1_82' title='bbox 725 1628 924 1702; x_wconf 85' lang='lat' dir='ltr'><strong>Aristotelis</strong></span> <span class='ocrx_word' id='word_1_83' title='bbox 955 1630 1063 1701; x_wconf 90' lang='lat' dir='ltr'><strong>ctiam</strong></span> <span class='ocrx_word' id='word_1_84' title='bbox 1088 1655 1171 1702; x_wconf 89' lang='lat' dir='ltr'><strong>auc-</strong></span> 
     </span>
     <span class='ocr_line' id='line_1_13' title="bbox 89 1730 1170 1833; baseline 0.009 -38"><span class='ocrx_word' id='word_1_85' title='bbox 89 1730 238 1822; x_wconf 77' lang='lat' dir='ltr'><strong>toritas,</strong></span> <span class='ocrx_word' id='word_1_86' title='bbox 267 1734 332 1828; x_wconf 88' lang='lat' dir='ltr'><strong>qui</strong></span> <span class='ocrx_word' id='word_1_87' title='bbox 359 1734 466 1824; x_wconf 84' lang='lat' dir='ltr'><strong>dicit,</strong></span> <span class='ocrx_word' id='word_1_88' title='bbox 497 1752 551 1804; x_wconf 82' lang='grc' dir='ltr'><strong>τῶν</strong></span> <span class='ocrx_word' id='word_1_89' title='bbox 577 1737 796 1833; x_wconf 67' lang='lat' dir='ltr'><strong>inputaturus</strong></span> <span class='ocrx_word' id='word_1_90' title='bbox 827 1733 899 1805; x_wconf 71' lang='lat' dir='ltr'><strong>aba:</strong></span> <span class='ocrx_word' id='word_1_91' title='bbox 925 1742 957 1805; x_wconf 81' lang='grc' dir='ltr'><strong>τὸ</strong></span> <span class='ocrx_word' id='word_1_92' title='bbox 976 1752 1035 1806; x_wconf 78' lang='grc' dir='ltr'><strong>πᾶν</strong></span> <span class='ocrx_word' id='word_1_93' title='bbox 1073 1733 1109 1804; x_wconf 92' lang='lat' dir='ltr'><strong>h.</strong></span> <span class='ocrx_word' id='word_1_94' title='bbox 1138 1760 1170 1807; x_wconf 90' lang='lat' dir='ltr'><strong>e.</strong></span> 
     </span>
     <span class='ocr_line' id='line_1_14' title="bbox 92 1832 1174 1935; baseline 0.008 -32"><span class='ocrx_word' id='word_1_95' title='bbox 92 1832 364 1927; x_wconf 88' lang='lat' dir='ltr'><strong>Eleaticorum,</strong></span> <span class='ocrx_word' id='word_1_96' title='bbox 391 1851 539 1935; x_wconf 81' lang='lat' dir='ltr'><strong>excepto</strong></span> <span class='ocrx_word' id='word_1_97' title='bbox 568 1840 804 1927; x_wconf 87' lang='lat' dir='ltr'><strong>Parmenide,</strong></span> <span class='ocrx_word' id='word_1_98' title='bbox 837 1837 982 1911; x_wconf 91' lang='lat' dir='ltr'><strong>nullum</strong></span> <span class='ocrx_word' id='word_1_99' title='bbox 1007 1840 1046 1910; x_wconf 92' lang='lat' dir='ltr'><strong>in</strong></span> <span class='ocrx_word' id='word_1_100' title='bbox 1070 1851 1174 1912; x_wconf 88' lang='lat' dir='ltr'><strong>natu·</strong></span> 
     </span>
     <span class='ocr_line' id='line_1_15' title="bbox 92 1943 1172 2036; baseline 0.01 -30"><span class='ocrx_word' id='word_1_101' title='bbox 92 1961 160 2007; x_wconf 88' lang='lat' dir='ltr'><strong>rae</strong></span> <span class='ocrx_word' id='word_1_102' title='bbox 189 1944 410 2036; x_wconf 85' lang='lat' dir='ltr'><strong>generandae</strong></span> <span class='ocrx_word' id='word_1_103' title='bbox 436 1970 619 2036; x_wconf 85' lang='lat' dir='ltr'><strong>caussam,</strong></span> <span class='ocrx_word' id='word_1_104' title='bbox 645 1946 718 2020; x_wconf 90' lang='lat' dir='ltr'><strong>sive</strong></span> <span class='ocrx_word' id='word_1_105' title='bbox 740 1970 864 2016; x_wconf 89' lang='lat' dir='ltr'><strong>rerum</strong></span> <span class='ocrx_word' id='word_1_106' title='bbox 887 1943 1088 2036; x_wconf 88' lang='lat' dir='ltr'><strong>elementa,</strong></span> <span class='ocrx_word' id='word_1_107' title='bbox 1113 1947 1172 2017; x_wconf 91' lang='lat' dir='ltr'><strong>in-</strong></span> 
     </span>
     <span class='ocr_line' id='line_1_16' title="bbox 94 2044 1172 2147; baseline 0.007 -32"><span class='ocrx_word' id='word_1_108' title='bbox 94 2044 282 2140; x_wconf 88' lang='lat' dir='ltr'><strong>quisivisse</strong></span> <span class='ocrx_word' id='word_1_109' title='bbox 307 2047 341 2118; x_wconf 75' lang='lat'><strong>¹⁶.</strong></span> <span class='ocrx_word' id='word_1_110' title='bbox 368 2050 462 2120; x_wconf 89' lang='lat' dir='ltr'><strong>Num</strong></span> <span class='ocrx_word' id='word_1_111' title='bbox 481 2051 690 2142; x_wconf 87' lang='lat' dir='ltr'><strong>credamus,</strong></span> <span class='ocrx_word' id='word_1_112' title='bbox 718 2051 746 2121; x_wconf 90' lang='lat' dir='ltr'><strong>si</strong></span> <span class='ocrx_word' id='word_1_113' title='bbox 775 2050 1018 2147; x_wconf 84' lang='lat' dir='ltr'><strong>Xenophanes</strong></span> <span class='ocrx_word' id='word_1_114' title='bbox 1041 2076 1083 2123; x_wconf 89' lang='lat' dir='ltr'><strong>ea</strong></span> <span class='ocrx_word' id='word_1_115' title='bbox 1104 2060 1172 2123; x_wconf 85' lang='lat' dir='ltr'><strong>sta-</strong></span> 
     </span>
     <span class='ocr_line' id='line_1_17' title="bbox 96 2152 1174 2253; baseline 0.01 -33"><span class='ocrx_word' id='word_1_116' title='bbox 96 2152 224 2223; x_wconf 87' lang='lat' dir='ltr'><strong>tuisset</strong></span> <span class='ocrx_word' id='word_1_117' title='bbox 255 2180 348 2251; x_wconf 91' lang='lat' dir='ltr'><strong>quae</strong></span> <span class='ocrx_word' id='word_1_118' title='bbox 373 2160 580 2253; x_wconf 85' lang='lat' dir='ltr'><strong>posteriores</strong></span> <span class='ocrx_word' id='word_1_119' title='bbox 612 2156 667 2228; x_wconf 92' lang='lat' dir='ltr'><strong>illi</strong></span> <span class='ocrx_word' id='word_1_120' title='bbox 691 2158 924 2247; x_wconf 87' lang='lat' dir='ltr'><strong>attribuunt,</strong></span> <span class='ocrx_word' id='word_1_121' title='bbox 949 2183 969 2227; x_wconf 91' lang='lat' dir='ltr'><strong>a</strong></span> <span class='ocrx_word' id='word_1_122' title='bbox 993 2156 1174 2231; x_wconf 81' lang='lat' dir='ltr'><strong>veteribus</strong></span> 
     </span>
     <span class='ocr_line' id='line_1_18' title="bbox 96 2260 1173 2364; baseline 0.009 -35"><span class='ocrx_word' id='word_1_123' title='bbox 96 2260 187 2331; x_wconf 89' lang='lat' dir='ltr'><strong>adeo</strong></span> <span class='ocrx_word' id='word_1_124' title='bbox 212 2262 408 2361; x_wconf 81' lang='lat' dir='ltr'><strong>neglectam</strong></span> <span class='ocrx_word' id='word_1_125' title='bbox 426 2280 489 2337; x_wconf 90' lang='lat' dir='ltr'><strong>aut</strong></span> <span class='ocrx_word' id='word_1_126' title='bbox 505 2268 701 2364; x_wconf 85' lang='lat' dir='ltr'><strong>ignoratam</strong></span> <span class='ocrx_word' id='word_1_127' title='bbox 717 2270 796 2363; x_wconf 88' lang='lat' dir='ltr'><strong>ejus</strong></span> <span class='ocrx_word' id='word_1_128' title='bbox 813 2267 1029 2339; x_wconf 85' lang='lat' dir='ltr'><strong>sententiam</strong></span> <span class='ocrx_word' id='word_1_129' title='bbox 1048 2267 1173 2358; x_wconf 88' lang='lat' dir='ltr'><strong>fuisse,</strong></span> 
     </span>
     <span class='ocr_line' id='line_1_19' title="bbox 27 2372 1176 2473; baseline 0.006 -34"><span class='ocrx_word' id='word_1_130' title='bbox 27 2421 30 2427; x_wconf 78' lang='lat'>·</span> <span class='ocrx_word' id='word_1_131' title='bbox 97 2382 141 2439; x_wconf 89' lang='lat' dir='ltr'><strong>ut</strong></span> <span class='ocrx_word' id='word_1_132' title='bbox 166 2372 393 2445; x_wconf 85' lang='lat' dir='ltr'><strong>Aristotelem</strong></span> <span class='ocrx_word' id='word_1_133' title='bbox 406 2388 443 2447; x_wconf 90' lang='lat' dir='ltr'><strong>et</strong></span> <span class='ocrx_word' id='word_1_134' title='bbox 459 2374 741 2473; x_wconf 87' lang='lat' dir='ltr'><strong>Theophrastum</strong></span> <span class='ocrx_word' id='word_1_135' title='bbox 760 2374 928 2473; x_wconf 66' lang='lat' dir='ltr'><strong>fugisset?</strong></span> <span class='ocrx_word' id='word_1_136' title='bbox 946 2375 1043 2467; x_wconf 87' lang='lat' dir='ltr'><strong>Quid</strong></span> <span class='ocrx_word' id='word_1_137' title='bbox 1059 2374 1176 2472; x_wconf 79' lang='lat' dir='ltr'><strong>ergo?</strong></span> 
     </span>
     <span class='ocr_line' id='line_1_20' title="bbox 98 2476 1174 2575; baseline 0.007 -30"><span class='ocrx_word' id='word_1_138' title='bbox 98 2476 308 2571; x_wconf 84' lang='lat' dir='ltr'><strong>Abjicienda</strong></span> <span class='ocrx_word' id='word_1_139' title='bbox 322 2492 374 2551; x_wconf 91' lang='lat' dir='ltr'><strong>est</strong></span> <span class='ocrx_word' id='word_1_140' title='bbox 388 2480 562 2561; x_wconf 88' lang='lat' dir='ltr'><strong>nimirum</strong></span> <span class='ocrx_word' id='word_1_141' title='bbox 582 2483 646 2551; x_wconf 88' lang='lat' dir='ltr'><strong>ista</strong></span> <span class='ocrx_word' id='word_1_142' title='bbox 665 2480 928 2553; x_wconf 86' lang='lat' dir='ltr'><strong>elementorum</strong></span> <span class='ocrx_word' id='word_1_143' title='bbox 952 2482 1061 2569; x_wconf 89' lang='lat' dir='ltr'><strong>ratio,</strong></span> <span class='ocrx_word' id='word_1_144' title='bbox 1080 2504 1174 2575; x_wconf 90' lang='lat' dir='ltr'><strong>quae</strong></span> 
     </span>
     <span class='ocr_line' id='line_1_21' title="bbox 97 2587 1173 2685; baseline 0.002 -32"><span class='ocrx_word' id='word_1_145' title='bbox 97 2608 172 2655; x_wconf 90' lang='lat' dir='ltr'><strong>non</strong></span> <span class='ocrx_word' id='word_1_146' title='bbox 200 2612 218 2658; x_wconf 91' lang='lat' dir='ltr'><strong>a</strong></span> <span class='ocrx_word' id='word_1_147' title='bbox 242 2587 464 2685; x_wconf 87' lang='lat' dir='ltr'><strong>Xenophane</strong></span> <span class='ocrx_word' id='word_1_148' title='bbox 495 2588 674 2683; x_wconf 87' lang='lat' dir='ltr'><strong>profecta,</strong></span> <span class='ocrx_word' id='word_1_149' title='bbox 701 2588 761 2659; x_wconf 86' lang='lat' dir='ltr'><strong>sed</strong></span> <span class='ocrx_word' id='word_1_150' title='bbox 786 2599 904 2683; x_wconf 86' lang='lat' dir='ltr'><strong>postea</strong></span> <span class='ocrx_word' id='word_1_151' title='bbox 930 2587 1080 2657; x_wconf 88' lang='lat' dir='ltr'><strong>demum</strong></span> <span class='ocrx_word' id='word_1_152' title='bbox 1104 2612 1173 2657; x_wconf 81' lang='lat' dir='ltr'><strong>er-</strong></span> 
     </span>
     <span class='ocr_line' id='line_1_22' title="bbox 96 2689 1174 2785; baseline 0.002 -26"><span class='ocrx_word' id='word_1_153' title='bbox 96 2689 227 2785; x_wconf 89' lang='lat' dir='ltr'><strong>plicata</strong></span> <span class='ocrx_word' id='word_1_154' title='bbox 265 2694 583 2785; x_wconf 82' lang='lat' dir='ltr'><strong>est3recentiores</strong></span> <span class='ocrx_word' id='word_1_155' title='bbox 617 2694 736 2763; x_wconf 90' lang='lat' dir='ltr'><strong>omnia</strong></span> <span class='ocrx_word' id='word_1_156' title='bbox 774 2707 940 2766; x_wconf 85' lang='lat' dir='ltr'><strong>veterum</strong></span> <span class='ocrx_word' id='word_1_157' title='bbox 965 2691 1058 2761; x_wconf 90' lang='lat' dir='ltr'><strong>dicta</strong></span> <span class='ocrx_word' id='word_1_158' title='bbox 1087 2716 1174 2761; x_wconf 89' lang='lat' dir='ltr'><strong>suae</strong></span> 
     </span>
     <span class='ocr_line' id='line_1_23' title="bbox 97 2795 1173 2895; baseline 0.001 -29"><span class='ocrx_word' id='word_1_159' title='bbox 97 2800 295 2871; x_wconf 87' lang='lat' dir='ltr'><strong>sententiae</strong></span> <span class='ocrx_word' id='word_1_160' title='bbox 320 2799 644 2893; x_wconf 83' lang='lat' dir='ltr'><strong>accommodantes,</strong></span> <span class='ocrx_word' id='word_1_161' title='bbox 683 2799 790 2871; x_wconf 89' lang='lat' dir='ltr'><strong>etiam</strong></span> <span class='ocrx_word' id='word_1_162' title='bbox 817 2798 905 2869; x_wconf 88' lang='lat' dir='ltr'><strong>haec</strong></span> <span class='ocrx_word' id='word_1_163' title='bbox 944 2795 1073 2895; x_wconf 89' lang='lat' dir='ltr'><strong>placita</strong></span> <span class='ocrx_word' id='word_1_164' title='bbox 1097 2822 1173 2867; x_wconf 89' lang='lat' dir='ltr'><strong>non</strong></span> 
     </span>
     <span class='ocr_line' id='line_1_24' title="bbox 98 2901 1259 3005; baseline 0.001 -34"><span class='ocrx_word' id='word_1_165' title='bbox 98 2904 204 2974; x_wconf 92' lang='lat' dir='ltr'><strong>modo</strong></span> <span class='ocrx_word' id='word_1_166' title='bbox 228 2904 445 3001; x_wconf 89' lang='lat' dir='ltr'><strong>Xenophani</strong></span> <span class='ocrx_word' id='word_1_167' title='bbox 469 2904 618 3001; x_wconf 89' lang='lat' dir='ltr'><strong>aliisque</strong></span> <span class='ocrx_word' id='word_1_168' title='bbox 650 2904 762 2998; x_wconf 83' lang='lat' dir='ltr'><strong>hujus</strong></span> <span class='ocrx_word' id='word_1_169' title='bbox 784 2904 907 2975; x_wconf 88' lang='lat' dir='ltr'><strong>aetatis</strong></span> <span class='ocrx_word' id='word_1_170' title='bbox 929 2901 1145 3005; x_wconf 85' lang='lat' dir='ltr'><strong>philosophis</strong></span> <span class='ocrx_word' id='word_1_171' title='bbox 1158 2957 1168 2994; x_wconf 93' lang='lat'><strong>,</strong></span> <span class='ocrx_word' id='word_1_172' title='bbox 1255 2938 1259 2940; x_wconf 51' lang='lat'><strong>&gt;</strong></span> 
     </span>
     <span class='ocr_line' id='line_1_25' title="bbox 99 3009 1172 3107; baseline 0.004 -30"><span class='ocrx_word' id='word_1_173' title='bbox 99 3009 159 3079; x_wconf 90' lang='lat' dir='ltr'><strong>sed</strong></span> <span class='ocrx_word' id='word_1_174' title='bbox 204 3012 454 3107; x_wconf 86' lang='lat' dir='ltr'><strong>antiquissimis</strong></span> <span class='ocrx_word' id='word_1_175' title='bbox 494 3035 639 3107; x_wconf 88' lang='lat' dir='ltr'><strong>quoque</strong></span> <span class='ocrx_word' id='word_1_176' title='bbox 664 3010 827 3097; x_wconf 88' lang='lat' dir='ltr'><strong>vatibus,</strong></span> <span class='ocrx_word' id='word_1_177' title='bbox 853 3009 1007 3080; x_wconf 89' lang='lat' dir='ltr'><strong>Homero</strong></span> <span class='ocrx_word' id='word_1_178' title='bbox 1035 3022 1072 3080; x_wconf 91' lang='lat' dir='ltr'><strong>et</strong></span> <span class='ocrx_word' id='word_1_179' title='bbox 1096 3010 1172 3081; x_wconf 90' lang='lat' dir='ltr'><strong>He·</strong></span> 
     </span>
     <span class='ocr_line' id='line_1_26' title="bbox 98 3115 1173 3215; baseline 0.003 -30"><span class='ocrx_word' id='word_1_180' title='bbox 98 3117 216 3208; x_wconf 87' lang='lat' dir='ltr'><strong>sicdo,</strong></span> <span class='ocrx_word' id='word_1_181' title='bbox 245 3118 471 3208; x_wconf 84' lang='lat' dir='ltr'><strong>affinxerunt,</strong></span> <span class='ocrx_word' id='word_1_182' title='bbox 492 3144 712 3215; x_wconf 86' lang='lat' dir='ltr'><strong>quamquam</strong></span> <span class='ocrx_word' id='word_1_183' title='bbox 734 3116 911 3189; x_wconf 84' lang='lat' dir='ltr'><strong>elementa</strong></span> <span class='ocrx_word' id='word_1_184' title='bbox 934 3115 1100 3215; x_wconf 75' lang='grc' dir='ltr'>(ςοιχεῑα)</span> <span class='ocrx_word' id='word_1_185' title='bbox 1119 3116 1173 3188; x_wconf 89' lang='lat' dir='ltr'><strong>his</strong></span> 
     </span>
     <span class='ocr_line' id='line_1_27' title="bbox 100 3224 1174 3325; baseline 0.001 -32"><span class='ocrx_word' id='word_1_186' title='bbox 100 3250 171 3297; x_wconf 89' lang='lat' dir='ltr'><strong>non</strong></span> <span class='ocrx_word' id='word_1_187' title='bbox 207 3227 316 3323; x_wconf 86' lang='lat' dir='ltr'><strong>magis</strong></span> <span class='ocrx_word' id='word_1_188' title='bbox 338 3227 482 3301; x_wconf 86' lang='lat' dir='ltr'><strong>nomine</strong></span> <span class='ocrx_word' id='word_1_189' title='bbox 521 3237 691 3325; x_wconf 89' lang='lat' dir='ltr'><strong>usurpata</strong></span> <span class='ocrx_word' id='word_1_190' title='bbox 719 3248 829 3321; x_wconf 83' lang='lat' dir='ltr'><strong>quam</strong></span> <span class='ocrx_word' id='word_1_191' title='bbox 858 3224 1058 3319; x_wconf 84' lang='lat' dir='ltr'><strong>cognitione</strong></span> <span class='ocrx_word' id='word_1_192' title='bbox 1093 3249 1174 3320; x_wconf 89' lang='lat' dir='ltr'><strong>per-</strong></span> 
     </span>
     <span class='ocr_line' id='line_1_28' title="bbox 99 3330 1174 3429; baseline -0.001 -30"><span class='ocrx_word' id='word_1_193' title='bbox 99 3344 217 3427; x_wconf 88' lang='lat' dir='ltr'><strong>specta</strong></span> <span class='ocrx_word' id='word_1_194' title='bbox 232 3346 366 3418; x_wconf 85' lang='lat' dir='ltr'><strong>essent.</strong></span> <span class='ocrx_word' id='word_1_195' title='bbox 377 3331 449 3423; x_wconf 82' lang='lat' dir='ltr'><strong>Qui</strong></span> <span class='ocrx_word' id='word_1_196' title='bbox 465 3332 571 3429; x_wconf 87' lang='lat' dir='ltr'><strong>primi</strong></span> <span class='ocrx_word' id='word_1_197' title='bbox 585 3330 727 3428; x_wconf 84' lang='lat' dir='ltr'><strong>physica</strong></span> <span class='ocrx_word' id='word_1_198' title='bbox 743 3341 940 3403; x_wconf 88' lang='lat' dir='ltr'><strong>tractarunt</strong></span> <span class='ocrx_word' id='word_1_199' title='bbox 953 3353 1174 3428; x_wconf 88' lang='lat' dir='ltr'><strong>quamquam</strong></span> 
     </span>
     <span class='ocr_line' id='line_1_29' title="bbox 100 3435 1171 3531; baseline -0.001 -25"><span class='ocrx_word' id='word_1_200' title='bbox 100 3436 275 3509; x_wconf 89' lang='lat' dir='ltr'><strong>nonnulla</strong></span> <span class='ocrx_word' id='word_1_201' title='bbox 308 3436 474 3509; x_wconf 90' lang='lat' dir='ltr'><strong>subtilius</strong></span> <span class='ocrx_word' id='word_1_202' title='bbox 513 3448 549 3508; x_wconf 89' lang='lat' dir='ltr'><strong>et</strong></span> <span class='ocrx_word' id='word_1_203' title='bbox 576 3436 712 3507; x_wconf 89' lang='lat' dir='ltr'><strong>doctius</strong></span> <span class='ocrx_word' id='word_1_204' title='bbox 732 3435 978 3531; x_wconf 79' lang='lat' dir='ltr'><strong>explicarent,</strong></span> <span class='ocrx_word' id='word_1_205' title='bbox 1005 3437 1171 3506; x_wconf 88' lang='lat' dir='ltr'><strong>universe</strong></span> 
     </span>
     <span class='ocr_line' id='line_1_30' title="bbox 102 3540 1172 3643; baseline -0.004 -29"><span class='ocrx_word' id='word_1_206' title='bbox 102 3555 221 3617; x_wconf 87' lang='lat' dir='ltr'><strong>tamen</strong></span> <span class='ocrx_word' id='word_1_207' title='bbox 249 3547 385 3643; x_wconf 81' lang='lat' dir='ltr'><strong>poetico</strong></span> <span class='ocrx_word' id='word_1_208' title='bbox 411 3546 528 3616; x_wconf 86' lang='lat' dir='ltr'><strong>studio</strong></span> <span class='ocrx_word' id='word_1_209' title='bbox 551 3544 682 3616; x_wconf 89' lang='lat' dir='ltr'><strong>imbuti</strong></span> <span class='ocrx_word' id='word_1_210' title='bbox 706 3556 744 3617; x_wconf 88' lang='lat' dir='ltr'><strong>et</strong></span> <span class='ocrx_word' id='word_1_211' title='bbox 769 3545 906 3639; x_wconf 75' lang='lat' dir='ltr'><strong>poie&#39;tico</strong></span> <span class='ocrx_word' id='word_1_212' title='bbox 928 3541 1043 3615; x_wconf 88' lang='lat' dir='ltr'><strong>colore</strong></span> <span class='ocrx_word' id='word_1_213' title='bbox 1069 3540 1172 3611; x_wconf 89' lang='lat' dir='ltr'><strong>tincti</strong></span> 
     </span>
     <span class='ocr_line' id='line_1_31' title="bbox 44 3644 1171 3749; baseline -0.004 -26"><span class='ocrx_word' id='word_1_214' title='bbox 44 3692 46 3697; x_wconf 96' lang='lat'>·</span> <span class='ocrx_word' id='word_1_215' title='bbox 103 3666 204 3723; x_wconf 82' lang='lat' dir='ltr'><strong>erant</strong></span> <span class='ocrx_word' id='word_1_216' title='bbox 220 3681 228 3725; x_wconf 90' lang='lat'>:</span> <span class='ocrx_word' id='word_1_217' title='bbox 247 3652 429 3727; x_wconf 83' lang='lat' dir='ltr'><strong>vaticinari</strong></span> <span class='ocrx_word' id='word_1_218' title='bbox 442 3653 559 3749; x_wconf 88' lang='lat' dir='ltr'><strong>potius</strong></span> <span class='ocrx_word' id='word_1_219' title='bbox 581 3651 625 3723; x_wconf 91' lang='lat' dir='ltr'><strong>de</strong></span> <span class='ocrx_word' id='word_1_220' title='bbox 645 3664 897 3725; x_wconf 88' lang='lat' dir='ltr'><strong>rerumnatura</strong></span> <span class='ocrx_word' id='word_1_221' title='bbox 922 3673 1031 3746; x_wconf 82' lang='lat' dir='ltr'><strong>quam</strong></span> <span class='ocrx_word' id='word_1_222' title='bbox 1058 3644 1171 3745; x_wconf 76' lang='lat' dir='ltr'><strong>philo·</strong></span> 
     </span>
     <span class='ocr_line' id='line_1_32' title="bbox 102 3754 1171 3855; baseline -0.001 -27"><span class='ocrx_word' id='word_1_223' title='bbox 102 3760 240 3855; x_wconf 89' lang='lat' dir='ltr'><strong>sophari</strong></span> <span class='ocrx_word' id='word_1_224' title='bbox 259 3760 482 3835; x_wconf 84' lang='lat' dir='ltr'><strong>videbantur.</strong></span> <span class='ocrx_word' id='word_1_225' title='bbox 495 3757 709 3853; x_wconf 72' lang='lat' dir='ltr'><strong>Huiusmodi</strong></span> <span class='ocrx_word' id='word_1_226' title='bbox 722 3759 811 3831; x_wconf 87' lang='lat' dir='ltr'><strong>ratio</strong></span> <span class='ocrx_word' id='word_1_227' title='bbox 826 3782 910 3833; x_wconf 87' lang='lat' dir='ltr'><strong>curn</strong></span> <span class='ocrx_word' id='word_1_228' title='bbox 926 3754 1077 3829; x_wconf 85' lang='lat' dir='ltr'><strong>aliorum</strong></span> <span class='ocrx_word' id='word_1_229' title='bbox 1092 3765 1171 3827; x_wconf 89' lang='lat' dir='ltr'><strong>tum</strong></span> 
     </span>
    </p>
   </div>
   <div class='ocr_carea' id='block_1_3' title="bbox 104 3860 1172 3965">
    <p class='ocr_par' dir='ltr' id='par_1_3' title="bbox 104 3860 1172 3965">
     <span class='ocr_line' id='line_1_33' title="bbox 104 3860 1172 3965; baseline -0.005 -26"><span class='ocrx_word' id='word_1_230' title='bbox 104 3870 306 3963; x_wconf 85' lang='lat' dir='ltr'><strong>praesertim</strong></span> <span class='ocrx_word' id='word_1_231' title='bbox 342 3867 567 3965; x_wconf 87' lang='lat' dir='ltr'><strong>Xenophanis</strong></span> <span class='ocrx_word' id='word_1_232' title='bbox 599 3867 706 3940; x_wconf 87' lang='lat' dir='ltr'><strong>fuisse</strong></span> <span class='ocrx_word' id='word_1_233' title='bbox 742 3865 909 3955; x_wconf 83' lang='lat' dir='ltr'><strong>ridetur,</strong></span> <span class='ocrx_word' id='word_1_234' title='bbox 938 3886 1031 3959; x_wconf 88' lang='lat' dir='ltr'><strong>quae</strong></span> <span class='ocrx_word' id='word_1_235' title='bbox 1070 3860 1172 3934; x_wconf 86' lang='lat' dir='ltr'><strong>facile</strong></span> 
     </span>
    </p>
   </div>
   <div class='ocr_carea' id='block_1_4' title="bbox 146 4111 723 4199">
    <p class='ocr_par' dir='ltr' id='par_1_4' title="bbox 146 4111 723 4199">
     <span class='ocr_line' id='line_1_34' title="bbox 146 4111 723 4199; baseline -0.012 -24"><span class='ocrx_word' id='word_1_236' title='bbox 146 4113 209 4199; x_wconf 82' lang='lat'>(16)</span> <span class='ocrx_word' id='word_1_237' title='bbox 230 4114 355 4197; x_wconf 71' lang='lat' dir='ltr'><strong>Metaph.</strong></span> <span class='ocrx_word' id='word_1_238' title='bbox 375 4116 408 4190; x_wconf 91' lang='lat' dir='ltr'><strong>l,</strong></span> <span class='ocrx_word' id='word_1_239' title='bbox 429 4117 457 4176; x_wconf 82' lang='lat'><strong>3.</strong></span> <span class='ocrx_word' id='word_1_240' title='bbox 476 4136 505 4197; x_wconf 88' lang='lat' dir='ltr'><strong>p.</strong></span> <span class='ocrx_word' id='word_1_241' title='bbox 527 4112 606 4193; x_wconf 69' lang='lat'><strong>646,</strong></span> <span class='ocrx_word' id='word_1_242' title='bbox 629 4115 669 4187; x_wconf 78' lang='lat' dir='ltr'><strong>A,</strong></span> <span class='ocrx_word' id='word_1_243' title='bbox 690 4111 723 4170; x_wconf 90' lang='grc' dir='ltr'><strong>Β.</strong></span> 
     </span>
    </p>
   </div>
   <div class='ocr_carea' id='block_1_5' title="bbox 0 0 1441 4884">
    <p class='ocr_par' dir='ltr' id='par_1_5' title="bbox 0 0 1441 4884">
     <span class='ocr_line' id='line_1_35' title="bbox 0 0 1441 4884; baseline 0 0"><span class='ocrx_word' id='word_1_244' title='bbox 0 0 1441 4884; x_wconf 95' lang='lat' dir='ltr'><strong> </strong></span> 
     </span>
    </p>
   </div>
  </div>
 </body>
</html>
