2842 4884
502 385 715 430 smaosornra.
1102 365 1149 432 96

73 537 232 633 subjecta
248 538 269 610 ‘l
291 539 393 633 Quae
410 548 532 612 autem
548 537 723 612 dicuntur
737 546 775 610 τὰ
791 536 922 636 ‘rauel
944 536 1149 616 Mundusne

73 643 315 740 adspectahilis
340 658 378 719 et
402 669 525 718 rerum
562 642 803 718 universitas?
825 667 872 718 an
895 643 1098 738 elementa,
1126 655 1156 721 e'

72 749 202 845 quibus
232 762 399 849 generata
431 764 518 825 sunt
548 749 700 824 omnia?
735 774 781 824 an
812 750 865 825 vis
891 749 1012 850 aliqua
1042 750 1148 824 intel-

72 851 212 952 ligibilis
242 883 335 955 quae
364 857 409 930 ad
434 883 577 932 omnem
610 883 734 930 rerum
752 869 919 931 naturam
944 855 1149 955 pertineat?

73 958 191 1035 Postea
220 963 267 1037 de
290 964 345 1036 his
369 962 579 1062 explicatius
598 988 768 1062 agemus3
793 989 893 1036 nunc
918 974 1062 1037 tantum
1086 989 1149 1062 ap·
1206 1031 1210 1038 .

74 1081 194 1162 pareat
224 1095 336 1169 quam
360 1069 553 1169 multiplex
574 1084 613 1144 et
635 1074 770 1146 incerta
793 1072 839 1143 sit
861 1070 973 1164 hujus
1000 1069 1070 1144 loci
1093 1071 1150 1143 in-

71 1180 302 1272 terpretatio,
330 1189 367 1250 et
398 1203 506 1276 quam
536 1203 666 1277 parum
697 1177 783 1250 inde
814 1177 890 1275 ipsa
921 1175 1151 1273 Xenophanis

70 1286 245 1357 sententia
270 1283 360 1358 effici
383 1299 503 1384 queat.

114 1448 317 1523 Audiamus
333 1451 573 1525 Aristotelem.
593 1451 660 1525 Hic
675 1450 863 1551 plerosque
880 1448 964 1522 alios
977 1451 1148 1548 frequen-

70 1562 119 1624 ter
131 1553 300 1648 laudans,
315 1558 542 1657 Xenophanis
554 1584 627 1630 non
640 1559 708 1630 nisi
719 1584 798 1631 raro
811 1557 894 1630 facit
905 1557 1148 1650 mentionem

70 1665 281 1761 praecipuus
296 1663 394 1737 locus
415 1676 467 1739 est
484 1665 522 1736 in
543 1664 789 1764 Metaphysicis
803 1666 841 1737 L.
860 1664 900 1757 Ι,
916 1689 948 1737 c.
972 1661 1017 1755 5,
1037 1663 1076 1734 T.
1092 1663 1147 1756 Π,

71 1787 101 1860 p.
123 1765 197 1859 648
218 1771 272 1859 Ε,
300 1771 365 1843 ubi
391 1769 602 1844 Parmenide
621 1784 658 1842 et
679 1769 815 1843 Melissa
840 1771 1146 1863 commemoratis,

69 1873 109 1946 de
135 1876 371 1978 Xenophanis
392 1879 566 1952 sententia
592 1880 642 1952 sic
666 1879 787 1979 prodit
813 1905 822 1954 ι
849 1880 1085 1978 Ξενοφάνης
1106 1879 1149 1949 δὲ

71 1998 221 2078 πρῶτος
256 1991 410 2056 τούτων
440 1985 592 2065 ἔνισας
633 1987 753 2058 οὐδὲν
796 1987 1147 2083 διεσαφήνισεν,

70 2088 122 2158 otta
144 2109 193 2174 τῆς
217 2097 327 2190 φύσεως
350 2098 452 2162 τούτων
476 2095 623 2191 οὐδετέρας
641 2093 712 2191 (τοῦ
738 2100 816 2164 κατὰ
840 2095 923 2186 λόγον
947 2095 1007 2170 ἑνὸς
1029 2097 1079 2160 καὶ
1102 2101 1148 2162 roi

72 2201 140 2265 κατὰ
157 2207 209 2282 τὴν
224 2196 324 2296 ὕλην)
347 2199 420 2268 ἔοικε
442 2205 553 2294 ἓίγειν·
580 2193 645 2271 ἀλλ’
675 2207 717 2277 εἷς
740 2197 858 2268 cotto
886 2199 1000 2292 οὐρανὸν
1023 2197 1148 2283 ἀποβλέ-

71 2302 122 2388 ψας
147 2306 191 2372 τὸ
218 2305 260 2372 ἐν
287 2301 527 2402 εἶναι’φησι
551 2309 619 2374 τὸν
644 2297 1147 2376 ἓεόν.ΕΧῘιὶ8νθΐῙ)ἱείῐιῐθῙ-

70 2401 204 2505 ligitur,
227 2409 485 2508 Xenophanem
502 2409 702 2508 prinoipem
714 2411 826 2506 hujus
840 2407 962 2508 placiti
974 2406 1143 2482 habitum

71 2536 136 2586 esse
172 2527 383 2608 auctorem,
421 2515 529 2615 quale
567 2529 689 2590 autem
731 2524 763 2589 τὸ
798 2515 1072 2590 &intellexerit
1099 2539 1148 2588 ne

69 2615 179 2715 ipsum
211 2622 362 2722 quidem
397 2625 598 2721 perspicue·
616 2623 816 2714 definiisse3
847 2635 992 2723 tantum
1018 2620 1147 2693 dixisse

71 2749 171 2800 unum
204 2737 267 2802 hoo
286 2756 359 2802 esso
387 2735 509 2802 Deum.
540 2729 616 2802 Hoc
640 2754 725 2804 vero
748 2752 865 2827 quum
892 2752 959 2825 per
993 2750 1031 2796 se
1071 2750 1147 2796 non

72 2833 180 2908 multo
208 2835 340 2910 clarius
368 2838 436 2928 sit,
464 2835 671 2910 Aristoteles
695 2837 956 2931 interpretatur
982 2831 1146 2925 addens,

70 2950 264 3018 universum
294 2951 420 3018 coelom
454 2946 528 3019 sive
566 2945 734 3018 mundum
769 2941 814 3015 ab
844 2940 908 3014 illo
939 2939 1145 3038 significari.

112 3046 204 3124 Haeo
229 3043 474 3148 interpretatio
491 3051 646 3124 concinit
663 3050 811 3148 quidem
828 3075 914 3122 cum
931 3045 1144 3145 pervulgata

69 3145 281 3230 Graecorum
298 3157 473 3234 sententia
495 3184 515 3230 a
539 3157 650 3255 poetis
670 3155 875 3246 celebrata,
910 3151 975 3253 qui
1004 3151 1148 3224 coelum
1261 3199 1264 3206 ·

68 3261 313 3363 mundumque
338 3265 550 3338 universum
574 3263 692 3336 Deum
719 3274 756 3335 et
791 3261 918 3335 Jovem
940 3258 1146 3357 praedicare

69 3361 238 3464 solebant,
265 3384 309 3444 ut
331 3372 472 3445 Ennius
491 3373 530 3444 in
556 3369 752 3469 Euripiden
773 3366 836 3440 illo
861 3393 969 3444 versu
988 3363 1001 3401 ⁶
1024 3393 1033 3439 z

47 3560 49 3566 Ι
121 3588 268 3688 Adspice
280 3593 493 3666 loosoblimo
505 3592 667 3677 condens,
681 3615 781 3686 qoem
798 3594 961 3662 deomant
971 3608 1086 3658 omnes

537 3711 662 3778 Jooem.

106 3933 143 4016 (6)
156 3941 260 4007 Laudat
271 3945 367 4008 Cicero
377 3947 442 4007 Nat.
453 3947 537 4008 Deor.
551 3947 594 4018 11,
607 3968 633 4006 2.
648 3947 693 4008 Cf.
706 3904 917 4008 alterumEnnii
927 3942 1076 4005 versumin
1086 3943 1145 4026 ejus

69 4019 167 4107 Fragm.
181 4037 306 4099 column.
317 4037 370 4116 IX,
381 4062 410 4122 p.
425 4060 490 4122 ¹7¹·
500 4039 603 4098 Lucan.
617 4039 710 4100 Phara.
722 4037 783 4112 IX,
793 4058 835 4096 vs.
847 4033 925 4119 598,
941 4056 1001 4117 sqq.
1013 4036 1149 4097 Gataker.

71 4110 102 4172 ad
113 4117 151 4181 tt.
158 4125 289 4187 aaroni.
306 4129 357 4206 lv,
375 4127 449 4210 §23.
469 4127 753 4190 vacuarentur.
771 4125 871 4211 susp.
892 4147 961 4210 ap,
978 4127 1031 4189 vl.
1045 4148 1074 4209 p.
1097 4125 1147 4207 47.
1268 4212 1270 4217 Ι
