2842 4884
274 391 349 435 xvm

274 542 454 640 magisque
477 540 603 613 limata·
628 552 666 613 et
693 538 860 618 subtilius
883 541 1027 614 exculta
1059 553 1137 633 est,
1168 554 1210 614 ut
1240 546 1343 641 quasi

273 695 346 744 una
369 669 568 745 adolescens
598 673 799 744 maturioris
825 672 959 770 ingenii
977 669 1151 744 ‘habitum
1178 673 1341 746 referret.

271 801 473 900 Philosophi
499 803 598 876 enim
626 827 756 878 novam
788 803 906 874 animo
930 803 1160 878 informantes
1191 816 1344 878 naturae

270 930 424 1029 speciem
449 943 486 1004 et
510 956 617 1008 novas
637 931 844 1030 effingentes
871 957 994 1045 rerum
1022 934 1211 1026 notiones,
1232 959 1343 1033 quae-
1416 968 1417 971 ¹

270 1061 431 1136 siverunt
454 1061 561 1134 etiam
582 1087 672 1138 nova
696 1060 870 1135 vocabula
894 1075 931 1135 et
949 1061 1144 1136 verborum
1171 1063 1344 1164 significa-

271 1192 407 1285 tiones,
434 1193 646 1289 perscrutati
671 1204 758 1264 sunt
785 1193 972 1292 linguam,
997 1205 1040 1265 ut
1066 1195 1207 1266 notitias
1233 1195 1273 1266 in
1299 1221 1345 1268 ea

270 1333 443 1421 tanquam
466 1325 506 1393 in
536 1324 680 1423 vestigio
709 1325 876 1421 repositas
903 1334 1073 1397 eruerent
1100 1336 1136 1396 et
1163 1323 1346 1399 doctrinae

271 1452 354 1526 luce
383 1451 605 1526 illustrarent
632 1481 640 1525 ε
665 1453 714 1528 sic
742 1480 763 1527 e
791 1452 1009 1552 philosophia
1035 1454 1143 1528 etiam
1170 1480 1345 1554 gramm-

269 1586 354 1659 tices
380 1598 418 1659 et
440 1587 635 1661 rhetorices
659 1587 762 1660 initia
784 1585 1028 1659 effloruerunt.
1059 1587 1148 1658 Satis
1177 1612 1262 1686 ergo
1283 1589 1346 1660 in-

268 1721 467 1820 telligitur,
496 1721 601 1794 ambo
629 1722 737 1814 haec,
768 1734 806 1795 et
835 1719 1092 1818 philosophiam
1123 1719 1344 1794 Graecorum

269 1865 306 1928 et
328 1853 442 1952 ipsam
469 1853 647 1953 linguam,
675 1853 865 1926 arctissime
891 1853 995 1926 fuisse
1019 1855 1222 1947 conjuncta,
1248 1865 1284 1937 et
1299 1853 1343 1926 il-

269 1984 340 2057 lius
353 1983 512 2082 reliquiis
532 1983 750 2081 explicandis
774 1983 885 2077 hujus
906 1984 1142 2081 cognitionem
1159 1982 1342 2058 illustrari.

268 2113 381 2186 Multa
405 2114 558 2186 enimin
578 2113 633 2184 his
652 2123 791 2183 exstant
809 2114 974 2185 orationis
999 2126 1036 2187 et
1053 2115 1245 2190 verborum
1262 2141 1342 2193 ves-

268 2243 374 2342 tigia,
400 2268 495 2342 quae
521 2241 703 2330 indicant,
728 2243 906 2341 quomodo
931 2241 1297 2344 Graecorum'lingua
1320 2275 1343 2320 a

267 2375 406 2475 poe'tica
421 2386 609 2452 venustate
626 2375 671 2447 ad
689 2374 931 2472 philosophiae
950 2374 1183 2450 subtilitatem
1202 2377 1346 2450 exculta

268 2508 313 2580 sit
346 2519 384 2580 et
408 2506 562 2580 adeum
586 2505 743 2604 perfecta
777 2507 987 2580 eruditionis
1010 2506 1184 2606 gradum,
1208 2519 1252 2580 ut
1268 2534 1346 2581 ora-

269 2638 375 2710 tionis
398 2636 591 2736 elegantia,
616 2637 793 2725 ubertate,
818 2640 999 2732 acumine,
1025 2664 1146 2712 omnes
1169 2635 1253 2709 alias
1276 2638 1346 2709 lin-

267 2798 355 2871 guas
377 2781 572 2870 superaret.
590 2771 692 2863 Quae
715 2771 866 2870 cognitio
887 2796 961 2843 non
986 2771 1094 2869 magis
1118 2771 1163 2843 ad
1186 2771 1345 2869 antiqui-

266 2902 347 2974 tatis
360 2926 469 3000 quam
480 2901 525 2974 ad
536 2926 679 2974 omnem
690 2899 872 2974 doctrinae
884 2901 1066 2974 scientiam
1080 2911 1132 2973 est
1144 2899 1342 2973 utilissima.

320 3143 391 3216 Sed
408 3142 498 3242 quid
510 3142 616 3241 plura
632 3141 933 3216 commemorem?
945 3143 1110 3237 Quantae
1122 3139 1286 3215 utilitatis
1298 3143 1344 3213 sit

241 3277 403 3352 ,horum
427 3275 603 3373 indagatio
641 3287 678 3346 et
696 3299 828 3347 «omnes
856 3284 1052 3372 agnoscunt
1087 3284 1124 3346 et
1160 3277 1236 3368 jam
1254 3274 1342 3347 ¹du·

270 3407 360 3479 dum
376 3404 603 3478 eruditissimi
630 3404 791 3476 homines
814 3403 1029 3501 probarunt,
1055 3403 1120 3502 qui
1137 3403 1178 3474 in
1195 3402 1249 3475 his
1262 3428 1344 3502 ape-

270 3535 402 3609 riendis
431 3522 576 3633 operam
611 3559 712 3606 suam
732 3545 943 3631 posuerunt.
966 3534 1131 3626 Quorum
1163 3534 1202 3603 in
1222 3533 1346 3631 primis

190 3669 192 3674 ’
271 3666 521 3743 memorandus
545 3677 598 3739 est
609 3666 654 3736 H.
669 3665 872 3762 Stephanus
885 3665 968 3764 qni,
1000 3665 1093 3738 edita
1110 3667 1213 3739 Posti
1232 3670 1344 3760 patto

270 3805 432 3890 sophica,
474 3795 681 3892 principum
713 3792 975 3866 nonnullorum
1013 3819 1057 3866 ex
1093 3793 1346 3891 antiquissimis

271 3911 485 4023 philosophis
515 3925 712 4022 fragmenta
751 3921 915 4023 collegit,
939 3923 1128 3996 utilissimo
1158 3948 1242 3996 sane
1257 3949 1345 4022 ope-

270 4075 325 4151 re,
370 4058 434 4129 etsi
465 4083 529 4154 pro
557 4055 655 4131 illius
683 4058 806 4130 aetatis
844 4058 979 4132 ratione
1009 4056 1111 4132 nulla
1140 4082 1253 4156 paene
1268 4070 1346 4133 arte
