2842 4884
527 422 742 466 rmnosornrs.
869 476 881 508 Ι
1108 411 1171 475 117

94 572 278 669 Euripidis
294 573 468 645 sententia
481 574 554 645 fere
566 586 787 671 congruunt3
801 587 838 644 at
854 587 989 672 quanto
1002 575 1170 649 excelsior
1228 578 1233 582 ’

93 691 152 750 est
173 681 402 778 Xenophanis
423 679 484 753 ille
519 681 636 772 Deus,
667 705 778 778 quem
797 695 926 754 natura
958 683 1079 755 talem,
1097 710 1170 758 esse

91 788 250 876 censuit,
279 800 322 858 ut
347 813 443 857 unus
477 786 722 859 dominaretur
754 802 956 886 cunctaque
981 795 1046 862 suo'
1073 801 1171 862 nutu

90 905 234 988 gereret
257 921 264 962 :
287 892 517 990 comprobans
538 891 646 983 illud,
668 892 774 988 ,quod
797 893 976 991 praeclare
999 894 1169 968 Callima-

90 996 184 1069 chus
206 999 291 1070 dicit
319 996 341 1034 ²³
368 1027 374 1068 :

535 1174 559 1234 εἰ
584 1170 651 1233 θεὸν
678 1158 793 1253 οἶσθα,

196 1283 261 1356 ἴσθ’
281 1288 324 1358 ὅτι
350 1297 398 1358 καί
419 1288 502 1384 ῥέξαι
527 1291 636 1380 δαίμονι
662 1305 720 1358 πᾶν
748 1289 876 1384 deoida.

597 1588 666 1668 §a

142 1806 227 1903 Agit
252 1830 355 1902 porro
378 1805 422 1876 de
451 1805 518 1876 Dei
545 1818 673 1877 natura
704 1834 711 1876 :
744 1833 764 1878 <r
781 1808 943 1878 Siunus
969 1819 1022 1880 est
1045 1809 1168 1901 Deus,

92 1937 168 1984 una
197 1937 342 2009 quoque
370 1924 406 1982 et
429 1909 608 2008 aequabili
629 1924 681 1984 est
708 1924 836 1983 natura
865 1939 873 1983 :
901 1938 984 1983 uam
1009 1914 1079 1988 sie
1107 1915 1169 1987 di-

91 2020 201 2092 versis
237 2018 423 2091 elementis
451 2031 626 2090 constaret
665 2030 702 2092 et
729 2018 875 2092 diversis
894 2020 1063 2117 ,partibus
1079 2035 1168 2095 esset

93 2125 322 2212 constitutus,
340 2123 408 2208 alia
432 2127 487 2195 sui
515 2138 613 2220 parte
635 2125 886 2220 praestantior,
918 2123 1168 2203 aliadeterior

93 2231 185 2302 foret
201 2257 208 2301 :
226 2231 263 2302 id
284 2243 405 2303 autem
430 2257 449 2300 a
475 2231 548 2303 Deo
573 2229 757 2321 alienum,
783 2231 820 2300 in
847 2221 1098 2332 quon'nullum⁵
1114 2245 1168 2306 est

93 2338 252 2434 partium
283 2338 484 2434 viriumque
512 2337 724 2428 discrimen,
755 2337 919 2434 seduna
950 2351 995 2436 et
1014 2338 1167 2436 simplici

93 2457 222 2516 natura
248 2442 406 2517 absolute
435 2446 612 2541 perfectus
639 2455 714 2534 est,
742 2455 851 2541 atque
881 2445 968 2516 adeo
996 2446 1166 2542 sphaerae

93 2551 204 2622 instar
227 2551 388 2622 omnies
418 2563 517 2648 parte
542 2551 598 2622 sui
623 2548 757 2622 similis.
773 2573 814 2657 »1

75 2763 80 2766 ·
145 2733 325 2803 Sententia
339 2731 446 2818 haec,
474 2755 582 2802 aarum
601 2755 673 2799 esse
690 2730 853 2823 quiddam
879 2740 1009 2798 natura
1025 2731 1167 2820 perfec-

96 2854 166 2911 tum
181 2840 420 2934 etuequabile,
435 2835 647 2906 nobilissima
664 2835 734 2906 fuit
752 2824 914 2906 in'veteri
928 2832 1168 2930 philosophia,

95 2970 246 3041 eamque
275 2970 357 3015 cum
386 2941 597 3040 Pythagorei
623 2953 701 3012 tum
732 2942 931 3038 praecipue.
949 2938 1096 3010 Eleatici
1115 2965 1169 3011 ce-

96 3052 292 3124 lebrarunt.
318 3050 499 3122 Laudatur
539 3047 630 3120 illud
662 3046 834 3144 placitum
875 3075 894 3118 a
924 3048 1092 3119 Cicerone
1129 3048 1169 3119 in

95 3158 187 3230 libro
204 3158 248 3229 de
274 3158 371 3228 Orat.
397 3157 471 3246 III,
503 3154 549 3246 5,
574 3149 800 3253 quumvhaec'
816 3155 908 3226 dicat
935 3183 942 3224 :
974 3155 1060 3226 «Ac
1079 3154 1168 3224 mihi

92 3290 115 3334 r>
145 3263 291 3361 quidem
328 3275 463 3336 veteres
494 3260 547 3332 illi
573 3265 687 3356 majus
730 3259 900 3357 quiddam
927 3261 1045 3332 animo
1069 3285 1166 3332 com·
1273 3309 1278 3318 .

94 3397 115 3442 ))
144 3370 240 3468 plexi
263 3368 379 3442 multo
404 3368 486 3466 plus
522 3370 629 3441 etiam
666 3368 790 3442 vidisse
808 3359 1017 3458 ridentur,
1039 3369 1167 3463 ¹quam

94 3505 116 3549 ³)
145 3489 323 3574 quantum
349 3487 549 3548 nostrorum
571 3476 800 3574 ingeniorum
829 3475 918 3546 acies
942 3474 1077 3577 intueri
1101 3497 1168 3569 po-

93 3615 116 3658 »
145 3597 235 3677 test,
252 3585 315 3682 qui
334 3584 451 3655 omnia
468 3585 574 3673 haec,
587 3608 680 3679 quae
697 3607 804 3678 supra
821 3579 863 3653 'et
885 3581 1029 3669 subter,
1050 3603 1168 3648 unum

94 3721 116 3765 n
146 3717 218 3764 esse
258 3704 294 3762 et
328 3717 400 3762 una
436 3690 469 3764 vi
499 3701 607 3786 atque
653 3700 908 3787 unanaturae
941 3683 1167 3756 consensione

93 3828 117 3872 >a
146 3799 331 3871 constricta
359 3822 431 3868 esse
458 3795 674 3870 dixerunt.»
702 3797 802 3867 Hanc
824 3805 974 3864 naturae
999 3789 1167 3885 aequabi-

135 4030 199 4106 (23r
221 4030 254 4086 n
275 4029 375 4106 fragm.
395 4025 469 4108 apua
489 3981 629 4086 Plutarch.
643 4025 716 4106 praa.
731 4022 831 4103 puros.
852 4020 885 4094 1,
908 4040 936 4098 7.
957 4018 987 4076 in
1009 4018 1169 4078 carnmacu

94 4117 140 4179 ed.
164 4119 233 4176 Ern.
256 4118 291 4174 sr.
317 4121 381 4198 137.
403 4139 431 4198 p.
458 4115 538 4198 496,
