2842 4884
266 394 311 459 92
679 387 718 460 rin
740 419 932 462 xmornams

262 563 415 665 intelligi
432 591 531 663 posse
555 556 784 661 statuerunt3
807 590 1059 667 quaecumque
1083 591 1169 642 vero
1190 567 1335 666 gignan-

263 683 326 745 tur
355 685 393 748 et
423 673 605 766 occidant,
634 700 675 748 ea
704 699 824 772 neque
855 699 929 748 esse
953 697 1075 748 revera
1105 698 1225 771 neque
1252 699 1336 772 cog-

263 779 359 850 nosci
374 803 496 876 posse,
519 780 580 853 sed
604 777 701 852 fluxa
719 792 862 852 tantum
885 792 922 852 et
948 777 1139 877 opinabilia
1166 778 1336 851 dixerunt
1408 824 1409 867 3

263 897 372 985 atque
387 912 451 985 pro
468 887 580 961 nihilo
596 899 784 986 putarunt.
811 888 938 986 Itaque
961 899 1005 958 ut
1029 886 1141 957 Ionici
1155 885 1338 958 naturales

262 1015 386 1063 rerum
412 993 539 1065 formas
564 995 860 1091 ,mutationesque
896 992 1119 1067 observantes
1136 992 1278 1090 physica
1297 993 1336 1063 in
1407 1008 1408 1015 ’

262 1097 387 1194 primis
409 1109 629 1190 tractarunt,
656 1100 705 1171 sic
728 1097 897 1191 Eleatici,
926 1098 990 1196 qui
1014 1109 1173 1170 mentem
1191 1097 1236 1168 ab
1251 1123 1336 1170 ocu·
1408 1172 1409 1181 ,

261 1198 382 1273 lorum
397 1229 501 1277 sensu
518 1205 732 1297 avocabant,
756 1205 963 1303 praesertim
975 1201 1174 1275 dialectices
1184 1203 1336 1276 fuerunt
1406 1192 1409 1254 l

262 1321 445 1403 auctores3
474 1310 598 1401 alteri,
619 1310 716 1384 fluxa
738 1325 776 1384 et
795 1310 982 1384 mutabilia
1007 1322 1225 1406 spectantes,
1251 1336 1335 1385 vera
1409 1366 1410 1373 κ

262 1426 300 1486 et
313 1428 456 1488 aeterua
483 1429 623 1490 tantum
638 1441 711 1488 non
732 1415 973 1509 sustuleruht3
1005 1415 1125 1504 alteri,
1151 1414 1246 1486 nihil
1268 1417 1335 1487 nisi

262 1521 389 1595 stabile
416 1534 453 1596 et
486 1535 676 1596 aeternum
700 1549 773 1596 esse
801 1534 1003 1614 censentes,
1032 1536 1183 1594 naturae
1208 1535 1246 1595 et
1278 1545 1332 1594 re-

261 1626 330 1702 bus
355 1628 530 1726 generatis
552 1627 699 1700 nullum
724 1653 867 1726 prorsus
890 1627 1118 1727 reliquerunt
1141 1627 1274 1700 locum.

309 1734 525 1829 Hujusmodi
550 1735 624 1809 fere
647 1736 718 1807 fuit
735 1735 976 1809 Eleaticorum
1001 1735 1112 1826 ratio,
1138 1738 1243 1829 cujus
1266 1734 1333 1807 Xe-

259 1840 443 1938 nophanes
478 1853 603 1913 auctor
635 1841 743 1913 fuisse
785 1840 962 1934 traditur3
994 1865 1045 1912 ex
1066 1866 1141 1938 quo
1168 1841 1332 1915 universe
1409 1914 1410 1917 ,

259 1957 404 2020 tautum
439 1960 563 2046 patet,
591 1947 691 2021 hunc
724 1947 975 2047 philosophum
1003 1973 1049 2020 ex
1074 1973 1200 2019 eorum
1227 1947 1333 2020 luisse
1409 1942 1410 1961 ²

258 2078 414 2127 numero
441 2079 530 2150 quos
562 2071 617 2124 τῶν
658 2056 738 2125 εἰδῶν
762 2058 853 2153 φιλοὺς
894 2052 1050 2152 appellat
1084 2053 1194 2126 Plato.
1232 2053 1333 2146 Quae
1409 2068 1410 2141 ξ

260 2172 383 2232 autem
403 2161 545 2258 propria
572 2160 683 2255 huJus
703 2161 814 2232 fuerit
838 2160 927 2231 ratio
949 2171 986 2232 et
1003 2161 1198 2250 sententia,
1211 2158 1332 2231 diffici·
1409 2192 1410 2201 ¹

181 2304 184 2311 ·
259 2265 328 2336 lior
365 2266 524 2362 quaestio
559 2279 631 2358 cst,
663 2290 780 2364 quum
799 2266 1014 2342 cavendum
1034 2268 1079 2338 sit
1104 2291 1153 2339 ne
1180 2265 1332 2341 aliorum

257 2369 516 2470 disputationes
543 2386 678 2447 temere
702 2372 789 2444 huic
813 2372 1059 2446 attribuamus.

309 2479 353 2550 ln
371 2491 535 2556 veterum
550 2480 759 2552 testimoniis
780 2477 1003 2577 explorandis
1024 2479 1069 2550 ab
1092 2478 1332 2578 antiquissimo

256 2585 442 2660 ordiamur
464 2586 635 2679 Platone,
658 2588 697 2658 in
722 2590 828 2681 cujus
855 2584 992 2683 dialogo
1018 2585 1178 2683 Sophiste
1195 2608 1230 2682 p.
1265 2584 1332 2676 242

221 2708 226 2730 ⁸
258 2690 316 2784 lt,
349 2693 474 2792 hospes
499 2691 638 2766 Eleates
666 2692 712 2765 de
741 2691 905 2765 Eleaticis
931 2693 1018 2765 haec
1046 2704 1332 2764 commemorat:

259 2804 290 2870 τὸ
315 2803 347 2870 δὲ
376 2795 444 2896 παρ’
469 2811 536 2894 ἡμῖν
563 2793 729 2870 Ἐλεατικὸν
759 2799 844 2879 ἔθνος
874 2806 945 2871 ἀπὸ
975 2801 1200 2897 Ξενοφάνυς
1227 2826 1261 2867 τε
1287 2802 1334 2866 καὶ

223 2915 225 2920 ’
258 2904 320 2973 ἔτι
345 2912 527 3003 πρόσθεν
553 2911 734 3002 ἀρξάμενον,
759 2919 797 2985 ὠς
829 2912 913 2984 ἑνὸς
937 2906 1048 2982 ὄντος
1079 2919 1151 2973 τῶν
1178 2914 1332 2975 πάντων

258 3013 453 3103 καλουμένων,
484 3011 554 3082 οὕτω
577 3016 756 3109 διεξέρχεται
781 3033 838 3090 τοῖς
859 3017 971 3103 μύθοις.
1000 3011 1044 3080 ln
1076 3009 1143 3083 hoc
1165 3007 1240 3080 loco
1261 3008 1331 3081 (luo

259 3117 466 3216 explicanda
489 3133 574 3193 sunt
597 3149 605 3192 z
633 3147 718 3192 nam
737 3121 912 3218 primum,
937 3119 1033 3217 quod
1047 3117 1200 3191 Eleatica
1217 3117 1331 3191 schola

258 3250 335 3296 non
362 3239 506 3300 auctore
535 3227 684 3302 demum
713 3228 938 3325 Xenophane
965 3227 1027 3299 sed
1047 3222 1249 3321 jampride
1275 3252 1331 3299 ex·

258 3332 383 3404 stitisse
410 3333 564 3426 dicitur,
590 3335 629 3405 id
653 3331 818 3432 plerique
846 3333 964 3405 mirati
989 3344 1074 3406 sunt
1096 3334 1330 3429 interpretes,

259 3441 429 3538 quoniam
453 3466 521 3513 nec
552 3442 744 3538 quisquam
770 3441 992 3540 Xenophane·
1013 3441 1174 3538 superior
1199 3439 1332 3512 Eleati·
1408 3504 1409 3509 ,

216 3568 225 3584 ·
258 3572 320 3620 cae
346 3544 483 3619 scholae
516 3559 638 3619 auctor
665 3547 859 3640 exstitisse,
888 3571 1007 3646 neque
1033 3545 1210 3643 'placitum
1238 3546 1329 3635 hoc,

260 3665 298 3733 ὠς
324 3658 382 3732 ἐνὸς
406 3654 486 3731 ὄντος
508 3653 563 3722 τῶι)
584 3664 724 3746 πάντων,
748 3653 794 3726 ab
814 3653 890 3727 ullo
908 3653 1154 3750 antiquiorum
1178 3649 1329 3724 celebra-

258 3771 339 3832 tum
363 3786 436 3834 esse
453 3773 691 3834 memoratur.v
707 3761 777 3833 Sed
794 3787 852 3835 eos
864 3761 992 3859 fugisse
1004 3757 1163 3849 videtur,
1186 3758 1223 3830 id
1236 3756 1331 3855 quod

258 3864 305 3968 de
335 3867 458 3940 multis
489 3866 782 3966 philosophorum
809 3867 946 3966 placitis
974 3865 1329 3941 animadvertendum

259 3983 327 4063 est,
348 3997 472 4046 eorum
492 3974 623 4072 primas
649 3974 801 4072 origines
826 3972 1028 4047 inocculto
1057 3971 1191 4063 latere,
1223 3983 1328 4070 atque

132 4113 138 4124 ·
197 4091 201 4098 '
258 4088 302 4150 ut
325 4103 440 4152 mores
460 4092 498 4154 et
518 4080 681 4154 instituta
707 4078 881 4180 pleraque
903 4080 1044 4154 dudum
1062 4091 1166 4165 antea
1190 4080 1327 4151 exstite-
