<?xml version="1.0" encoding="UTF-8"?>
<!DOCTYPE html PUBLIC "-//W3C//DTD XHTML 1.0 Transitional//EN"
    "http://www.w3.org/TR/xhtml1/DTD/xhtml1-transitional.dtd">
<html xmlns="http://www.w3.org/1999/xhtml" xml:lang="en" lang="en">
 <head>
  <title>
</title>
<meta http-equiv="Content-Type" content="text/html;charset=utf-8" />
  <meta name='ocr-system' content='tesseract 3.04.00' />
  <meta name='ocr-capabilities' content='ocr_page ocr_carea ocr_par ocr_line ocrx_word'/>
</head>
<body>
  <div class='ocr_page' id='page_1' title='image "./xenophaniscolop01karsgoog_0094.png"; bbox 0 0 2842 4884; ppageno 0'>
   <div class='ocr_carea' id='block_1_1' title="bbox 242 389 877 466">
    <p class='ocr_par' dir='ltr' id='par_1_1' title="bbox 242 389 877 466">
     <span class='ocr_line' id='line_1_1' title="bbox 242 389 877 466; baseline -0.005 0"><span class='ocrx_word' id='word_1_1' title='bbox 242 399 287 466; x_wconf 84' lang='lat'><strong>58</strong></span> <span class='ocrx_word' id='word_1_2' title='bbox 341 395 344 400; x_wconf 41' lang='lat'><strong>¹</strong></span> <span class='ocrx_word' id='word_1_3' title='bbox 415 389 416 396; x_wconf 8' lang='grc' dir='ltr'>ἵ</span> <span class='ocrx_word' id='word_1_4' title='bbox 683 419 877 463; x_wconf 75' lang='lat' dir='ltr'><strong>xnuornanrs</strong></span> 
     </span>
    </p>
   </div>
   <div class='ocr_carea' id='block_1_2' title="bbox 240 569 1326 673">
    <p class='ocr_par' dir='ltr' id='par_1_2' title="bbox 240 569 1326 673">
     <span class='ocr_line' id='line_1_2' title="bbox 240 569 1326 673; baseline 0 -25"><span class='ocrx_word' id='word_1_5' title='bbox 240 573 387 648; x_wconf 72' lang='lat' dir='ltr'><strong>Antan.</strong></span> <span class='ocrx_word' id='word_1_6' title='bbox 416 571 483 648; x_wconf 78' lang='lat' dir='ltr'><strong>er.</strong></span> <span class='ocrx_word' id='word_1_7' title='bbox 508 571 532 644; x_wconf 90' lang='lat'><strong>1.</strong></span> <span class='ocrx_word' id='word_1_8' title='bbox 558 571 678 664; x_wconf 57' lang='lat' dir='ltr'><strong>um.</strong></span> <span class='ocrx_word' id='word_1_9' title='bbox 705 571 780 665; x_wconf 78' lang='lat' dir='ltr'><strong>aa,</strong></span> <span class='ocrx_word' id='word_1_10' title='bbox 808 599 844 671; x_wconf 78' lang='lat' dir='ltr'><strong>p.</strong></span> <span class='ocrx_word' id='word_1_11' title='bbox 871 570 956 664; x_wconf 70' lang='lat' dir='ltr'><strong>aas.</strong></span> <span class='ocrx_word' id='word_1_12' title='bbox 986 569 1040 646; x_wconf 72' lang='lat' dir='ltr'><strong>ea.</strong></span> <span class='ocrx_word' id='word_1_13' title='bbox 1071 573 1195 647; x_wconf 68' lang='lat' dir='ltr'><strong>omn.</strong></span> <span class='ocrx_word' id='word_1_14' title='bbox 1221 599 1326 673; x_wconf 63' lang='lat' dir='ltr'><strong>praa</strong></span> 
     </span>
    </p>
   </div>
   <div class='ocr_carea' id='block_1_3' title="bbox 240 679 782 758">
    <p class='ocr_par' dir='ltr' id='par_1_3' title="bbox 240 679 782 758">
     <span class='ocr_line' id='line_1_3' title="bbox 240 679 782 758; baseline -0.009 -2"><span class='ocrx_word' id='word_1_15' title='bbox 240 685 440 758; x_wconf 87' lang='lat' dir='ltr'><strong>mittuntur</strong></span> <span class='ocrx_word' id='word_1_16' title='bbox 463 691 588 752; x_wconf 85' lang='lat' dir='ltr'><strong>autem</strong></span> <span class='ocrx_word' id='word_1_17' title='bbox 609 679 648 752; x_wconf 94' lang='lat' dir='ltr'><strong>hi</strong></span> <span class='ocrx_word' id='word_1_18' title='bbox 673 680 748 753; x_wconf 91' lang='lat' dir='ltr'><strong>duo</strong></span> <span class='ocrx_word' id='word_1_19' title='bbox 774 707 782 751; x_wconf 91' lang='lat'><strong>:</strong></span> 
     </span>
    </p>
   </div>
   <div class='ocr_carea' id='block_1_4' title="bbox 327 862 1150 1176">
    <p class='ocr_par' dir='ltr' id='par_1_4' title="bbox 327 862 1150 1176">
     <span class='ocr_line' id='line_1_4' title="bbox 327 862 1150 959; baseline 0 -24"><span class='ocrx_word' id='word_1_20' title='bbox 327 864 441 934; x_wconf 82' lang='grc' dir='ltr'><em>Ἥνικα</em></span> <span class='ocrx_word' id='word_1_21' title='bbox 464 867 644 959; x_wconf 66' lang='grc' dir='ltr'><em>Πυθαγόρης</em></span> <span class='ocrx_word' id='word_1_22' title='bbox 668 867 700 932; x_wconf 84' lang='grc' dir='ltr'><strong>τὸ</strong></span> <span class='ocrx_word' id='word_1_23' title='bbox 725 865 875 959; x_wconf 79' lang='grc' dir='ltr'>περικλεὲς</span> <span class='ocrx_word' id='word_1_24' title='bbox 888 862 1001 959; x_wconf 61' lang='grc' dir='ltr'><em>εὕρατο</em></span> <span class='ocrx_word' id='word_1_25' title='bbox 1026 873 1150 958; x_wconf 76' lang='grc' dir='ltr'><em>γράμμα</em></span> 
     </span>
     <span class='ocr_line' id='line_1_5' title="bbox 362 963 1137 1068; baseline -0.003 -28"><span class='ocrx_word' id='word_1_26' title='bbox 362 963 479 1058; x_wconf 75' lang='grc' dir='ltr'><strong>Ικεῖν’,</strong></span> <span class='ocrx_word' id='word_1_27' title='bbox 508 963 547 1068; x_wconf 76' lang='grc' dir='ltr'><strong>ἐφ’</strong></span> <span class='ocrx_word' id='word_1_28' title='bbox 569 970 626 1062; x_wconf 73' lang='grc' dir='ltr'><strong>ὅτῳ</strong></span> <span class='ocrx_word' id='word_1_29' title='bbox 649 973 764 1053; x_wconf 79' lang='grc' dir='ltr'><em>κλειτὴν</em></span> <span class='ocrx_word' id='word_1_30' title='bbox 788 969 885 1064; x_wconf 80' lang='grc' dir='ltr'><em>ἤγαγε</em></span> <span class='ocrx_word' id='word_1_31' title='bbox 909 971 1067 1056; x_wconf 65' lang='grc' dir='ltr'><em>βωθυσίην</em></span> <span class='ocrx_word' id='word_1_32' title='bbox 1082 974 1092 1057; x_wconf 80' lang='grc'><em>,</em></span> <span class='ocrx_word' id='word_1_33' title='bbox 1130 977 1137 1000; x_wconf 85' lang='grc'><strong>“</strong></span> 
     </span>
     <span class='ocr_line' id='line_1_6' title="bbox 339 1079 855 1176; baseline 0.004 -31"><span class='ocrx_word' id='word_1_34' title='bbox 339 1079 374 1158; x_wconf 72' lang='lat' dir='ltr'><strong>da&#39;</strong></span> <span class='ocrx_word' id='word_1_35' title='bbox 396 1085 456 1147; x_wconf 85' lang='grc' dir='ltr'><em>τατέ</em></span> <span class='ocrx_word' id='word_1_36' title='bbox 478 1107 526 1170; x_wconf 80' lang='grc' dir='ltr'><strong>μιν</strong></span> <span class='ocrx_word' id='word_1_37' title='bbox 549 1081 763 1176; x_wconf 76' lang='grc' dir='ltr'><em>ςνφελιζνμέναν</em></span> <span class='ocrx_word' id='word_1_38' title='bbox 788 1080 855 1147; x_wconf 80' lang='grc' dir='ltr'><strong>κτλ.</strong></span> 
     </span>
    </p>
   </div>
   <div class='ocr_carea' id='block_1_5' title="bbox 161 1258 1330 2862">
    <p class='ocr_par' dir='ltr' id='par_1_5' title="bbox 239 1258 1328 2110">
     <span class='ocr_line' id='line_1_7' title="bbox 241 1258 1326 1361; baseline 0 -25"><span class='ocrx_word' id='word_1_39' title='bbox 241 1264 314 1358; x_wconf 91' lang='lat' dir='ltr'><strong>Qui</strong></span> <span class='ocrx_word' id='word_1_40' title='bbox 339 1287 462 1338; x_wconf 91' lang='lat' dir='ltr'><strong>versus</strong></span> <span class='ocrx_word' id='word_1_41' title='bbox 485 1272 648 1360; x_wconf 87' lang='lat' dir='ltr'><strong>spectant</strong></span> <span class='ocrx_word' id='word_1_42' title='bbox 673 1259 718 1332; x_wconf 91' lang='lat' dir='ltr'><strong>ad</strong></span> <span class='ocrx_word' id='word_1_43' title='bbox 742 1258 963 1334; x_wconf 90' lang='lat' dir='ltr'><strong>celebratum</strong></span> <span class='ocrx_word' id='word_1_44' title='bbox 985 1259 1078 1336; x_wconf 90' lang='lat' dir='ltr'><strong>illud</strong></span> <span class='ocrx_word' id='word_1_45' title='bbox 1103 1261 1326 1361; x_wconf 81' lang='lat' dir='ltr'><strong>Pythagorae</strong></span> 
     </span>
     <span class='ocr_line' id='line_1_8' title="bbox 239 1369 1326 1467; baseline -0.001 -22"><span class='ocrx_word' id='word_1_46' title='bbox 239 1375 430 1446; x_wconf 88' lang='lat' dir='ltr'><strong>inventum</strong></span> <span class='ocrx_word' id='word_1_47' title='bbox 460 1370 505 1443; x_wconf 89' lang='lat' dir='ltr'><strong>de</strong></span> <span class='ocrx_word' id='word_1_48' title='bbox 535 1377 780 1466; x_wconf 76' lang='lat' dir='ltr'><em>hypotenusa,</em></span> <span class='ocrx_word' id='word_1_49' title='bbox 812 1369 910 1467; x_wconf 92' lang='lat' dir='ltr'><strong>quod</strong></span> <span class='ocrx_word' id='word_1_50' title='bbox 940 1369 999 1442; x_wconf 85' lang='lat' dir='ltr'><strong>hic</strong></span> <span class='ocrx_word' id='word_1_51' title='bbox 1039 1370 1129 1442; x_wconf 89' lang='lat' dir='ltr'><strong>mira</strong></span> <span class='ocrx_word' id='word_1_52' title='bbox 1161 1371 1326 1467; x_wconf 88' lang='lat' dir='ltr'><strong>profecto</strong></span> 
     </span>
     <span class='ocr_line' id='line_1_9' title="bbox 239 1474 1325 1575; baseline -0.001 -24"><span class='ocrx_word' id='word_1_53' title='bbox 239 1480 377 1551; x_wconf 88' lang='lat' dir='ltr'><strong>ratione</strong></span> <span class='ocrx_word' id='word_1_54' title='bbox 393 1503 478 1550; x_wconf 89' lang='lat' dir='ltr'><strong>cum</strong></span> <span class='ocrx_word' id='word_1_55' title='bbox 493 1477 641 1550; x_wconf 87' lang='lat' dir='ltr'><strong>fortuito</strong></span> <span class='ocrx_word' id='word_1_56' title='bbox 659 1475 755 1548; x_wconf 89' lang='lat' dir='ltr'><strong>canis</strong></span> <span class='ocrx_word' id='word_1_57' title='bbox 772 1500 923 1548; x_wconf 90' lang='lat' dir='ltr'><strong>occursu</strong></span> <span class='ocrx_word' id='word_1_58' title='bbox 941 1474 1119 1574; x_wconf 83' lang='lat' dir='ltr'><strong>jungitur.</strong></span> <span class='ocrx_word' id='word_1_59' title='bbox 1135 1476 1222 1549; x_wconf 80' lang='lat' dir='ltr'><strong>Mihi</strong></span> <span class='ocrx_word' id='word_1_60' title='bbox 1240 1480 1325 1575; x_wconf 90' lang='lat' dir='ltr'><strong>qui-</strong></span> 
     </span>
     <span class='ocr_line' id='line_1_10' title="bbox 239 1583 1324 1683; baseline 0 -25"><span class='ocrx_word' id='word_1_61' title='bbox 239 1586 323 1660; x_wconf 90' lang='lat' dir='ltr'><strong>dem</strong></span> <span class='ocrx_word' id='word_1_62' title='bbox 346 1585 449 1658; x_wconf 87' lang='lat' dir='ltr'><strong>facile</strong></span> <span class='ocrx_word' id='word_1_63' title='bbox 473 1586 513 1656; x_wconf 89' lang='lat' dir='ltr'><strong>in</strong></span> <span class='ocrx_word' id='word_1_64' title='bbox 539 1610 581 1658; x_wconf 91' lang='lat' dir='ltr'><strong>eo</strong></span> <span class='ocrx_word' id='word_1_65' title='bbox 605 1609 793 1682; x_wconf 81' lang='lat' dir='ltr'><strong>agnoscere</strong></span> <span class='ocrx_word' id='word_1_66' title='bbox 816 1583 939 1659; x_wconf 82' lang='lat' dir='ltr'><strong>videor</strong></span> <span class='ocrx_word' id='word_1_67' title='bbox 961 1583 1223 1683; x_wconf 76' lang='lat' dir='ltr'><strong>interpolatoris</strong></span> <span class='ocrx_word' id='word_1_68' title='bbox 1246 1612 1324 1658; x_wconf 90' lang='lat' dir='ltr'><strong>ma-</strong></span> 
     </span>
     <span class='ocr_line' id='line_1_11' title="bbox 239 1691 1325 1791; baseline 0.001 -25"><span class='ocrx_word' id='word_1_69' title='bbox 239 1719 355 1785; x_wconf 87' lang='lat' dir='ltr'><strong>num,</strong></span> <span class='ocrx_word' id='word_1_70' title='bbox 383 1693 449 1791; x_wconf 88' lang='lat' dir='ltr'><strong>qui</strong></span> <span class='ocrx_word' id='word_1_71' title='bbox 477 1691 564 1765; x_wconf 88' lang='lat' dir='ltr'><strong>haec</strong></span> <span class='ocrx_word' id='word_1_72' title='bbox 591 1691 707 1764; x_wconf 82' lang='lat' dir='ltr'><strong>velu&#39;ti</strong></span> <span class='ocrx_word' id='word_1_73' title='bbox 736 1691 891 1789; x_wconf 91' lang='lat' dir='ltr'><strong>dispersa</strong></span> <span class='ocrx_word' id='word_1_74' title='bbox 922 1692 1083 1765; x_wconf 87' lang='lat' dir='ltr'><strong>membra</strong></span> <span class='ocrx_word' id='word_1_75' title='bbox 1105 1694 1325 1767; x_wconf 89' lang='lat' dir='ltr'><strong>concinnare</strong></span> 
     </span>
     <span class='ocr_line' id='line_1_12' title="bbox 239 1797 1325 1898; baseline 0 -26"><span class='ocrx_word' id='word_1_76' title='bbox 239 1801 431 1874; x_wconf 89' lang='lat' dir='ltr'><strong>studuerit.</strong></span> <span class='ocrx_word' id='word_1_77' title='bbox 460 1798 703 1893; x_wconf 88' lang='lat' dir='ltr'><strong>Quamobrem</strong></span> <span class='ocrx_word' id='word_1_78' title='bbox 733 1799 762 1870; x_wconf 91' lang='lat' dir='ltr'><strong>si</strong></span> <span class='ocrx_word' id='word_1_79' title='bbox 790 1797 844 1871; x_wconf 89' lang='lat' dir='ltr'><strong>illi</strong></span> <span class='ocrx_word' id='word_1_80' title='bbox 870 1824 994 1874; x_wconf 82' lang='lat' dir='ltr'><strong>versus</strong></span> <span class='ocrx_word' id='word_1_81' title='bbox 1017 1813 1105 1871; x_wconf 88' lang='lat' dir='ltr'><strong>sunt</strong></span> <span class='ocrx_word' id='word_1_82' title='bbox 1132 1799 1325 1898; x_wconf 86' lang='lat' dir='ltr'><strong>Xenopha-</strong></span> 
     </span>
     <span class='ocr_line' id='line_1_13' title="bbox 239 1905 1328 2004; baseline 0.001 -25"><span class='ocrx_word' id='word_1_83' title='bbox 239 1909 310 1999; x_wconf 88' lang='lat' dir='ltr'><strong>nis,</strong></span> <span class='ocrx_word' id='word_1_84' title='bbox 325 1918 534 1978; x_wconf 87' lang='lat' dir='ltr'><strong>nontamen</strong></span> <span class='ocrx_word' id='word_1_85' title='bbox 551 1906 591 1978; x_wconf 94' lang='lat' dir='ltr'><strong>hi</strong></span> <span class='ocrx_word' id='word_1_86' title='bbox 607 1931 755 2004; x_wconf 86' lang='lat' dir='ltr'><strong>quoque</strong></span> <span class='ocrx_word' id='word_1_87' title='bbox 773 1905 891 1979; x_wconf 90' lang='lat' dir='ltr'><strong>eidem</strong></span> <span class='ocrx_word' id='word_1_88' title='bbox 909 1905 1095 1980; x_wconf 88' lang='lat' dir='ltr'><strong>tribuendi</strong></span> <span class='ocrx_word' id='word_1_89' title='bbox 1117 1919 1216 1978; x_wconf 89' lang='lat' dir='ltr'><strong>sunt.</strong></span> <span class='ocrx_word' id='word_1_90' title='bbox 1238 1905 1328 1980; x_wconf 92' lang='lat' dir='ltr'><strong>Plu-</strong></span> 
     </span>
     <span class='ocr_line' id='line_1_14' title="bbox 239 2012 1326 2110; baseline -0.001 -25"><span class='ocrx_word' id='word_1_91' title='bbox 239 2013 385 2086; x_wconf 87' lang='lat' dir='ltr'><strong>tarchus</strong></span> <span class='ocrx_word' id='word_1_92' title='bbox 403 2013 448 2085; x_wconf 90' lang='lat' dir='ltr'><strong>de</strong></span> <span class='ocrx_word' id='word_1_93' title='bbox 473 2013 552 2084; x_wconf 83' lang='lat' dir='ltr'><strong>Vita</strong></span> <span class='ocrx_word' id='word_1_94' title='bbox 568 2012 715 2085; x_wconf 89' lang='lat' dir='ltr'><strong>secund.</strong></span> <span class='ocrx_word' id='word_1_95' title='bbox 742 2012 893 2109; x_wconf 83' lang='lat' dir='ltr'><strong>Epicur.</strong></span> <span class='ocrx_word' id='word_1_96' title='bbox 920 2013 957 2083; x_wconf 89' lang='lat' dir='ltr'><strong>T.</strong></span> <span class='ocrx_word' id='word_1_97' title='bbox 975 2012 1025 2104; x_wconf 89' lang='lat' dir='ltr'><strong>X,</strong></span> <span class='ocrx_word' id='word_1_98' title='bbox 1054 2039 1089 2110; x_wconf 91' lang='lat' dir='ltr'><strong>p.</strong></span> <span class='ocrx_word' id='word_1_99' title='bbox 1109 2013 1177 2085; x_wconf 80' lang='lat'><strong>501</strong></span> <span class='ocrx_word' id='word_1_100' title='bbox 1204 2012 1326 2086; x_wconf 87' lang='lat' dir='ltr'><strong>Reisk.</strong></span> 
     </span>
    </p>

    <p class='ocr_par' dir='ltr' id='par_1_6' title="bbox 161 2118 1328 2511">
     <span class='ocr_line' id='line_1_15' title="bbox 210 2118 1328 2219; baseline 0.001 -28"><span class='ocrx_word' id='word_1_101' title='bbox 210 2145 216 2154; x_wconf 92' lang='lat'>·</span> <span class='ocrx_word' id='word_1_102' title='bbox 240 2118 452 2192; x_wconf 85' lang='lat' dir='ltr'><strong>Athenaeus</strong></span> <span class='ocrx_word' id='word_1_103' title='bbox 465 2118 504 2188; x_wconf 88' lang='lat' dir='ltr'><strong>L.</strong></span> <span class='ocrx_word' id='word_1_104' title='bbox 521 2118 569 2210; x_wconf 89' lang='lat' dir='ltr'><strong>X,</strong></span> <span class='ocrx_word' id='word_1_105' title='bbox 583 2144 618 2215; x_wconf 89' lang='lat' dir='ltr'><strong>p.</strong></span> <span class='ocrx_word' id='word_1_106' title='bbox 638 2119 722 2210; x_wconf 72' lang='lat'><strong>418.</strong></span> <span class='ocrx_word' id='word_1_107' title='bbox 748 2131 838 2191; x_wconf 79' lang='lat' dir='ltr'><strong>extr.</strong></span> <span class='ocrx_word' id='word_1_108' title='bbox 855 2119 1030 2219; x_wconf 85' lang='lat' dir='ltr'><strong>Diogenes</strong></span> <span class='ocrx_word' id='word_1_109' title='bbox 1048 2121 1085 2191; x_wconf 86' lang='lat'><strong>1..</strong></span> <span class='ocrx_word' id='word_1_110' title='bbox 1105 2121 1207 2211; x_wconf 88' lang='lat' dir='ltr'><strong>VIII,</strong></span> <span class='ocrx_word' id='word_1_111' title='bbox 1226 2146 1254 2192; x_wconf 92' lang='lat' dir='ltr'><strong>s.</strong></span> <span class='ocrx_word' id='word_1_112' title='bbox 1278 2145 1328 2192; x_wconf 85' lang='lat'><strong>12</strong></span> 
     </span>
     <span class='ocr_line' id='line_1_16' title="bbox 161 2225 1328 2326; baseline 0.003 -29"><span class='ocrx_word' id='word_1_113' title='bbox 161 2234 168 2247; x_wconf 84' lang='lat'><strong>&#39;</strong></span> <span class='ocrx_word' id='word_1_114' title='bbox 240 2237 433 2326; x_wconf 90' lang='lat' dir='ltr'><strong>postremos</strong></span> <span class='ocrx_word' id='word_1_115' title='bbox 461 2225 525 2296; x_wconf 92' lang='lat' dir='ltr'><strong>hos</strong></span> <span class='ocrx_word' id='word_1_116' title='bbox 555 2250 679 2299; x_wconf 90' lang='lat' dir='ltr'><strong>versus</strong></span> <span class='ocrx_word' id='word_1_117' title='bbox 713 2226 903 2322; x_wconf 88' lang='lat' dir='ltr'><strong>separatim</strong></span> <span class='ocrx_word' id='word_1_118' title='bbox 928 2227 1095 2320; x_wconf 86' lang='lat' dir='ltr'><strong>laudant,</strong></span> <span class='ocrx_word' id='word_1_119' title='bbox 1122 2253 1328 2326; x_wconf 89' lang='lat' dir='ltr'><strong>eorumque</strong></span> 
     </span>
     <span class='ocr_line' id='line_1_17' title="bbox 240 2331 1328 2432; baseline 0.001 -27"><span class='ocrx_word' id='word_1_120' title='bbox 240 2345 426 2406; x_wconf 87' lang='lat' dir='ltr'><strong>auctorem</strong></span> <span class='ocrx_word' id='word_1_121' title='bbox 451 2331 730 2430; x_wconf 87' lang='lat' dir='ltr'><strong>Apollodotum,</strong></span> <span class='ocrx_word' id='word_1_122' title='bbox 760 2332 819 2407; x_wconf 87' lang='lat' dir='ltr'><strong>vel</strong></span> <span class='ocrx_word' id='word_1_123' title='bbox 838 2333 970 2430; x_wconf 89' lang='lat' dir='ltr'><strong>rectius</strong></span> <span class='ocrx_word' id='word_1_124' title='bbox 986 2333 1244 2432; x_wconf 85' lang='lat' dir='ltr'><strong>Apollodorum</strong></span> <span class='ocrx_word' id='word_1_125' title='bbox 1260 2361 1328 2406; x_wconf 92' lang='lat' dir='ltr'><strong>no-</strong></span> 
     </span>
     <span class='ocr_line' id='line_1_18' title="bbox 239 2440 390 2511; baseline -0.007 0"><span class='ocrx_word' id='word_1_126' title='bbox 239 2440 390 2511; x_wconf 88' lang='lat' dir='ltr'><strong>minant.</strong></span> 
     </span>
    </p>

    <p class='ocr_par' dir='ltr' id='par_1_7' title="bbox 240 2541 1330 2862">
     <span class='ocr_line' id='line_1_19' title="bbox 289 2541 1329 2647; baseline -0.002 -27"><span class='ocrx_word' id='word_1_127' title='bbox 289 2549 349 2620; x_wconf 87' lang='lat' dir='ltr'><strong>Vs.</strong></span> <span class='ocrx_word' id='word_1_128' title='bbox 382 2573 412 2618; x_wconf 84' lang='lat' dir='ltr'><strong>r.</strong></span> <span class='ocrx_word' id='word_1_129' title='bbox 443 2558 491 2618; x_wconf 78' lang='grc' dir='ltr'><strong>νῦν</strong></span> <span class='ocrx_word' id='word_1_130' title='bbox 514 2543 561 2618; x_wconf 78' lang='grc' dir='ltr'><strong>οὖν</strong></span> <span class='ocrx_word' id='word_1_131' title='bbox 585 2541 609 2616; x_wconf 84' lang='grc' dir='ltr'><strong>τ’</strong></span> <span class='ocrx_word' id='word_1_132' title='bbox 634 2547 758 2620; x_wconf 90' lang='lat' dir='ltr'><strong>Nescio</strong></span> <span class='ocrx_word' id='word_1_133' title='bbox 787 2573 833 2619; x_wconf 90' lang='lat' dir='ltr'><strong>an</strong></span> <span class='ocrx_word' id='word_1_134' title='bbox 863 2546 1060 2647; x_wconf 81' lang='lat' dir='ltr'><strong>legendum</strong></span> <span class='ocrx_word' id='word_1_135' title='bbox 1084 2550 1129 2620; x_wconf 90' lang='lat' dir='ltr'><strong>sit</strong></span> <span class='ocrx_word' id='word_1_136' title='bbox 1157 2561 1204 2620; x_wconf 80' lang='grc' dir='ltr'><strong>νῦν</strong></span> <span class='ocrx_word' id='word_1_137' title='bbox 1231 2541 1329 2639; x_wconf 76' lang='grc' dir='ltr'><em>αὖτ’;</em></span> 
     </span>
     <span class='ocr_line' id='line_1_20' title="bbox 241 2653 1330 2755; baseline 0.001 -30"><span class='ocrx_word' id='word_1_138' title='bbox 241 2666 363 2728; x_wconf 86' lang='lat' dir='ltr'><strong>tamen</strong></span> <span class='ocrx_word' id='word_1_139' title='bbox 391 2659 539 2753; x_wconf 89' lang='lat' dir='ltr'><strong>propter</strong></span> <span class='ocrx_word' id='word_1_140' title='bbox 565 2653 707 2729; x_wconf 87' lang='lat' dir='ltr'><strong>varium</strong></span> <span class='ocrx_word' id='word_1_141' title='bbox 737 2668 774 2728; x_wconf 88' lang='lat' dir='ltr'><strong>et</strong></span> <span class='ocrx_word' id='word_1_142' title='bbox 802 2655 1033 2755; x_wconf 85' lang='lat' dir='ltr'><strong>frequentem</strong></span> <span class='ocrx_word' id='word_1_143' title='bbox 1058 2655 1157 2754; x_wconf 91' lang='lat' dir='ltr'><strong>apud</strong></span> <span class='ocrx_word' id='word_1_144' title='bbox 1186 2667 1330 2730; x_wconf 84' lang='lat' dir='ltr'><strong>veteres</strong></span> 
     </span>
     <span class='ocr_line' id='line_1_21' title="bbox 240 2762 1327 2862; baseline 0.002 -28"><span class='ocrx_word' id='word_1_145' title='bbox 240 2768 361 2862; x_wconf 73' lang='lat' dir='ltr'><strong>poetas</strong></span> <span class='ocrx_word' id='word_1_146' title='bbox 385 2789 494 2835; x_wconf 91' lang='lat' dir='ltr'><strong>usum</strong></span> <span class='ocrx_word' id='word_1_147' title='bbox 516 2762 715 2861; x_wconf 86' lang='lat' dir='ltr'><strong>particulae</strong></span> <span class='ocrx_word' id='word_1_148' title='bbox 743 2791 797 2852; x_wconf 89' lang='grc' dir='ltr'><strong>τε,</strong></span> <span class='ocrx_word' id='word_1_149' title='bbox 823 2763 861 2836; x_wconf 94' lang='lat' dir='ltr'><strong>id</strong></span> <span class='ocrx_word' id='word_1_150' title='bbox 885 2763 1060 2836; x_wconf 86' lang='lat' dir='ltr'><strong>affirmare</strong></span> <span class='ocrx_word' id='word_1_151' title='bbox 1096 2790 1170 2834; x_wconf 89' lang='lat' dir='ltr'><strong>non</strong></span> <span class='ocrx_word' id='word_1_152' title='bbox 1194 2762 1327 2836; x_wconf 88' lang='lat' dir='ltr'><strong>audeo.</strong></span> 
     </span>
    </p>
   </div>
   <div class='ocr_carea' id='block_1_6' title="bbox 206 2892 1329 3443">
    <p class='ocr_par' dir='ltr' id='par_1_8' title="bbox 206 2892 1329 3443">
     <span class='ocr_line' id='line_1_22' title="bbox 287 2892 1329 3018; baseline -0.002 -26"><span class='ocrx_word' id='word_1_153' title='bbox 287 2921 347 2992; x_wconf 88' lang='lat' dir='ltr'><strong>Vs.</strong></span> <span class='ocrx_word' id='word_1_154' title='bbox 365 2944 397 2990; x_wconf 86' lang='lat'><strong>2.</strong></span> <span class='ocrx_word' id='word_1_155' title='bbox 413 2923 639 3018; x_wconf 69' lang='grc' dir='ltr'><em>φνφελιζνμέννν.</em></span> <span class='ocrx_word' id='word_1_156' title='bbox 653 2917 818 2992; x_wconf 87' lang='lat' dir='ltr'><strong>Verbum</strong></span> <span class='ocrx_word' id='word_1_157' title='bbox 828 2892 994 3018; x_wconf 43' lang='lat' dir='ltr'><strong>&amp;peltzen</strong></span> <span class='ocrx_word' id='word_1_158' title='bbox 1006 2919 1181 3017; x_wconf 85' lang='lat' dir='ltr'><strong>significat</strong></span> <span class='ocrx_word' id='word_1_159' title='bbox 1200 2945 1329 3013; x_wconf 83' lang='lat' dir='ltr'><strong>capere</strong></span> 
     </span>
     <span class='ocr_line' id='line_1_23' title="bbox 240 3023 1326 3113; baseline 0 -15"><span class='ocrx_word' id='word_1_160' title='bbox 240 3039 274 3098; x_wconf 85' lang='lat' dir='ltr'><strong>ct</strong></span> <span class='ocrx_word' id='word_1_161' title='bbox 298 3035 537 3098; x_wconf 73' lang='lat' dir='ltr'><strong>contumeliose</strong></span> <span class='ocrx_word' id='word_1_162' title='bbox 563 3040 744 3113; x_wconf 82' lang='lat' dir='ltr'><strong>tractare,</strong></span> <span class='ocrx_word' id='word_1_163' title='bbox 769 3053 908 3098; x_wconf 79' lang='lat' dir='ltr'><strong>venare.</strong></span> <span class='ocrx_word' id='word_1_164' title='bbox 930 3027 1108 3098; x_wconf 89' lang='lat' dir='ltr'><strong>Homerus</strong></span> <span class='ocrx_word' id='word_1_165' title='bbox 1124 3024 1167 3098; x_wconf 95' lang='lat' dir='ltr'><strong>Il.</strong></span> <span class='ocrx_word' id='word_1_166' title='bbox 1186 3032 1216 3097; x_wconf 89' lang='grc' dir='ltr'><strong>λ.</strong></span> <span class='ocrx_word' id='word_1_167' title='bbox 1235 3023 1326 3098; x_wconf 84' lang='lat'><strong>305.</strong></span> 
     </span>
     <span class='ocr_line' id='line_1_24' title="bbox 239 3130 1326 3231; baseline 0.004 -31"><span class='ocrx_word' id='word_1_168' title='bbox 239 3161 268 3230; x_wconf 91' lang='grc' dir='ltr'><strong>φ.</strong></span> <span class='ocrx_word' id='word_1_169' title='bbox 294 3130 377 3201; x_wconf 87' lang='lat'><strong>512.</strong></span> <span class='ocrx_word' id='word_1_170' title='bbox 406 3132 571 3231; x_wconf 88' lang='lat' dir='ltr'><strong>Hesychii</strong></span> <span class='ocrx_word' id='word_1_171' title='bbox 598 3135 863 3229; x_wconf 86' lang='lat' dir='ltr'><strong>interpretatio,</strong></span> <span class='ocrx_word' id='word_1_172' title='bbox 891 3140 999 3223; x_wconf 66' lang='grc' dir='ltr'><em>ὠθεῖν,</em></span> <span class='ocrx_word' id='word_1_173' title='bbox 1023 3144 1197 3222; x_wconf 81' lang='grc' dir='ltr'><em>πατάσσειν,</em></span> <span class='ocrx_word' id='word_1_174' title='bbox 1228 3133 1264 3206; x_wconf 94' lang='lat' dir='ltr'><strong>h.</strong></span> <span class='ocrx_word' id='word_1_175' title='bbox 1298 3133 1326 3204; x_wconf 93' lang='lat' dir='ltr'><strong>l.</strong></span> 
     </span>
     <span class='ocr_line' id='line_1_25' title="bbox 240 3236 1327 3340; baseline 0.002 -29"><span class='ocrx_word' id='word_1_176' title='bbox 240 3239 418 3334; x_wconf 85' lang='lat' dir='ltr'><strong>congruit.</strong></span> <span class='ocrx_word' id='word_1_177' title='bbox 442 3236 486 3308; x_wconf 88' lang='lat' dir='ltr'><strong>In</strong></span> <span class='ocrx_word' id='word_1_178' title='bbox 511 3237 621 3310; x_wconf 86' lang='lat' dir='ltr'><strong>Suida</strong></span> <span class='ocrx_word' id='word_1_179' title='bbox 646 3237 734 3310; x_wconf 90' lang='lat' dir='ltr'><strong>olim</strong></span> <span class='ocrx_word' id='word_1_180' title='bbox 757 3264 879 3314; x_wconf 87' lang='lat' dir='ltr'><strong>versus</strong></span> <span class='ocrx_word' id='word_1_181' title='bbox 894 3239 953 3312; x_wconf 90' lang='lat' dir='ltr'><strong>hic</strong></span> <span class='ocrx_word' id='word_1_182' title='bbox 970 3239 1161 3340; x_wconf 87' lang='lat' dir='ltr'><strong>legebatur</strong></span> <span class='ocrx_word' id='word_1_183' title='bbox 1178 3242 1226 3312; x_wconf 85' lang='lat' dir='ltr'><strong>ita</strong></span> <span class='ocrx_word' id='word_1_184' title='bbox 1244 3265 1327 3313; x_wconf 92' lang='lat' dir='ltr'><strong>cor-</strong></span> 
     </span>
     <span class='ocr_line' id='line_1_26' title="bbox 206 3357 999 3443; baseline -0.001 -29"><span class='ocrx_word' id='word_1_185' title='bbox 206 3389 219 3414; x_wconf 88' lang='grc'><strong>.</strong></span> <span class='ocrx_word' id='word_1_186' title='bbox 239 3357 371 3443; x_wconf 90' lang='lat' dir='ltr'><strong>ruptus</strong></span> <span class='ocrx_word' id='word_1_187' title='bbox 390 3371 399 3414; x_wconf 76' lang='grc' dir='ltr'><strong>ι</strong></span> <span class='ocrx_word' id='word_1_188' title='bbox 996 3362 999 3368; x_wconf 89' lang='grc'><em>·</em></span> 
     </span>
    </p>
   </div>
   <div class='ocr_carea' id='block_1_7' title="bbox 339 3497 1125 3592">
    <p class='ocr_par' dir='ltr' id='par_1_9' title="bbox 339 3497 1125 3592">
     <span class='ocr_line' id='line_1_27' title="bbox 339 3497 1125 3592; baseline 0.001 -29"><span class='ocrx_word' id='word_1_189' title='bbox 339 3503 395 3563; x_wconf 86' lang='grc' dir='ltr'><strong>καί</strong></span> <span class='ocrx_word' id='word_1_190' title='bbox 413 3499 481 3563; x_wconf 83' lang='grc' dir='ltr'><em>ποτέ</em></span> <span class='ocrx_word' id='word_1_191' title='bbox 504 3521 551 3584; x_wconf 84' lang='grc' dir='ltr'><strong>μα</strong></span> <span class='ocrx_word' id='word_1_192' title='bbox 574 3497 784 3591; x_wconf 64' lang='grc' dir='ltr'><em>φφελιζομένῳ</em></span> <span class='ocrx_word' id='word_1_193' title='bbox 808 3497 951 3573; x_wconf 68' lang='lat' dir='ltr'><strong>callemi</strong></span> <span class='ocrx_word' id='word_1_194' title='bbox 972 3502 1125 3592; x_wconf 66' lang='grc' dir='ltr'><em>παριατος.</em></span> 
     </span>
    </p>
   </div>
   <div class='ocr_carea' id='block_1_8' title="bbox 240 3655 1329 4079">
    <p class='ocr_par' dir='ltr' id='par_1_10' title="bbox 240 3655 1329 4079">
     <span class='ocr_line' id='line_1_28' title="bbox 288 3655 1329 3758; baseline 0.002 -29"><span class='ocrx_word' id='word_1_195' title='bbox 288 3659 348 3730; x_wconf 81' lang='lat' dir='ltr'><strong>VS.</strong></span> <span class='ocrx_word' id='word_1_196' title='bbox 386 3655 419 3729; x_wconf 85' lang='lat'><strong>5.</strong></span> <span class='ocrx_word' id='word_1_197' title='bbox 445 3667 495 3742; x_wconf 85' lang='grc' dir='ltr'><strong>τὴς</strong></span> <span class='ocrx_word' id='word_1_198' title='bbox 523 3657 617 3752; x_wconf 78' lang='grc' dir='ltr'><em>ἔγνων</em></span> <span class='ocrx_word' id='word_1_199' title='bbox 647 3662 864 3757; x_wconf 63' lang='grc' dir='ltr'><em>φθεγξαμένης.</em></span> <span class='ocrx_word' id='word_1_200' title='bbox 895 3659 950 3732; x_wconf 84' lang='lat' dir='ltr'><strong>lta</strong></span> <span class='ocrx_word' id='word_1_201' title='bbox 979 3659 1116 3731; x_wconf 80' lang='lat' dir='ltr'><strong>correxi</strong></span> <span class='ocrx_word' id='word_1_202' title='bbox 1144 3657 1240 3758; x_wconf 83' lang='lat' dir='ltr'><strong>vulg.</strong></span> <span class='ocrx_word' id='word_1_203' title='bbox 1271 3670 1329 3745; x_wconf 71' lang='grc' dir='ltr'><strong>τὴν</strong></span> 
     </span>
     <span class='ocr_line' id='line_1_29' title="bbox 240 3765 1327 3865; baseline 0.006 -31"><span class='ocrx_word' id='word_1_204' title='bbox 240 3765 331 3860; x_wconf 79' lang='grc' dir='ltr'><em>ἔγνων</em></span> <span class='ocrx_word' id='word_1_205' title='bbox 357 3767 564 3864; x_wconf 66' lang='grc' dir='ltr'><em>φθεγξαμένης</em></span> <span class='ocrx_word' id='word_1_206' title='bbox 587 3771 678 3858; x_wconf 73' lang='grc' dir='ltr'><em>ἀΐων,</em></span> <span class='ocrx_word' id='word_1_207' title='bbox 704 3790 799 3864; x_wconf 89' lang='lat' dir='ltr'><strong>quae</strong></span> <span class='ocrx_word' id='word_1_208' title='bbox 834 3765 939 3838; x_wconf 86' lang='lat' dir='ltr'><strong>lectio</strong></span> <span class='ocrx_word' id='word_1_209' title='bbox 962 3767 1126 3865; x_wconf 88' lang='lat' dir='ltr'><strong>quamvis</strong></span> <span class='ocrx_word' id='word_1_210' title='bbox 1147 3791 1327 3864; x_wconf 85' lang='lat' dir='ltr'><strong>gramma-</strong></span> 
     </span>
     <span class='ocr_line' id='line_1_30' title="bbox 241 3871 1329 3971; baseline 0.003 -27"><span class='ocrx_word' id='word_1_211' title='bbox 241 3873 311 3945; x_wconf 80' lang='lat' dir='ltr'><strong>tica</strong></span> <span class='ocrx_word' id='word_1_212' title='bbox 339 3874 476 3945; x_wconf 87' lang='lat' dir='ltr'><strong>ratione</strong></span> <span class='ocrx_word' id='word_1_213' title='bbox 506 3872 613 3971; x_wconf 89' lang='lat' dir='ltr'><strong>possit</strong></span> <span class='ocrx_word' id='word_1_214' title='bbox 640 3871 838 3970; x_wconf 83' lang='lat' dir='ltr'><strong>explicari,</strong></span> <span class='ocrx_word' id='word_1_215' title='bbox 882 3873 932 3943; x_wconf 90' lang='lat' dir='ltr'><strong>ita</strong></span> <span class='ocrx_word' id='word_1_216' title='bbox 960 3885 1003 3945; x_wconf 91' lang='lat' dir='ltr'><strong>ut</strong></span> <span class='ocrx_word' id='word_1_217' title='bbox 1029 3874 1249 3947; x_wconf 83' lang='lat' dir='ltr'><strong>accusativus</strong></span> <span class='ocrx_word' id='word_1_218' title='bbox 1272 3885 1329 3961; x_wconf 72' lang='grc' dir='ltr'><strong>τὴν</strong></span> 
     </span>
     <span class='ocr_line' id='line_1_31' title="bbox 241 3979 1328 4079; baseline 0.004 -27"><span class='ocrx_word' id='word_1_219' title='bbox 241 3979 286 4052; x_wconf 91' lang='lat' dir='ltr'><strong>ad</strong></span> <span class='ocrx_word' id='word_1_220' title='bbox 321 3979 437 4074; x_wconf 84' lang='grc' dir='ltr'><em>ἔγνων,</em></span> <span class='ocrx_word' id='word_1_221' title='bbox 461 3981 641 4079; x_wconf 85' lang='lat' dir='ltr'><strong>genitivus</strong></span> <span class='ocrx_word' id='word_1_222' title='bbox 664 3984 872 4079; x_wconf 65' lang='grc' dir='ltr'><em>φθεγξαμένης</em></span> <span class='ocrx_word' id='word_1_223' title='bbox 901 3979 947 4052; x_wconf 89' lang='lat' dir='ltr'><strong>ab</strong></span> <span class='ocrx_word' id='word_1_224' title='bbox 973 3988 1042 4052; x_wconf 79' lang='grc' dir='ltr'><em>ἀΐων</em></span> <span class='ocrx_word' id='word_1_225' title='bbox 1066 3981 1244 4079; x_wconf 85' lang='lat' dir='ltr'><strong>pendeat,</strong></span> <span class='ocrx_word' id='word_1_226' title='bbox 1271 3994 1328 4056; x_wconf 88' lang='lat' dir='ltr'><strong>ta-</strong></span> 
     </span>
    </p>
   </div>
   <div class='ocr_carea' id='block_1_9' title="bbox 110 4086 1327 4188">
    <p class='ocr_par' dir='ltr' id='par_1_11' title="bbox 110 4086 1327 4188">
     <span class='ocr_line' id='line_1_32' title="bbox 110 4086 1327 4188; baseline 0.003 -29"><span class='ocrx_word' id='word_1_227' title='bbox 110 4099 113 4104; x_wconf 85' lang='lat'>&#39;</span> <span class='ocrx_word' id='word_1_228' title='bbox 241 4112 327 4161; x_wconf 90' lang='lat' dir='ltr'><strong>men</strong></span> <span class='ocrx_word' id='word_1_229' title='bbox 348 4086 437 4161; x_wconf 89' lang='lat' dir='ltr'><strong>haec</strong></span> <span class='ocrx_word' id='word_1_230' title='bbox 460 4101 642 4164; x_wconf 90' lang='lat' dir='ltr'><strong>structura</strong></span> <span class='ocrx_word' id='word_1_231' title='bbox 658 4115 679 4164; x_wconf 86' lang='lat' dir='ltr'><strong>a</strong></span> <span class='ocrx_word' id='word_1_232' title='bbox 695 4088 868 4164; x_wconf 86' lang='lat' dir='ltr'><strong>sermonis</strong></span> <span class='ocrx_word' id='word_1_233' title='bbox 886 4113 957 4164; x_wconf 89' lang='lat' dir='ltr'><strong>usu</strong></span> <span class='ocrx_word' id='word_1_234' title='bbox 974 4100 1013 4162; x_wconf 88' lang='lat' dir='ltr'><strong>et</strong></span> <span class='ocrx_word' id='word_1_235' title='bbox 1030 4086 1206 4187; x_wconf 82' lang='lat' dir='ltr'><strong>elegantia</strong></span> <span class='ocrx_word' id='word_1_236' title='bbox 1222 4111 1327 4188; x_wconf 89' lang='lat' dir='ltr'><strong>pror-</strong></span> 
     </span>
    </p>
   </div>
   <div class='ocr_carea' id='block_1_10' title="bbox 0 0 1429 4884">
    <p class='ocr_par' dir='ltr' id='par_1_12' title="bbox 0 0 1429 4884">
     <span class='ocr_line' id='line_1_33' title="bbox 0 0 1429 4884; baseline 0 0"><span class='ocrx_word' id='word_1_237' title='bbox 0 0 1429 4884; x_wconf 95' lang='lat' dir='ltr'><strong> </strong></span> 
     </span>
    </p>
   </div>
  </div>
 </body>
</html>
