2842 4884
273 358 318 422 24
721 373 914 416 xnnornanrs

277 541 376 624 μάτων
400 527 435 599 ⁵¹.
458 530 578 623 Hujus
600 525 846 598 testimonium
870 538 907 599 et
930 525 1119 599 auctoritas
1141 525 1208 600 etsi
1232 525 1348 598 multis

276 637 475 735 persuasit,
511 632 634 732 plures
675 646 797 705 tamen
839 633 939 730 iique
970 632 1160 704 doctissimi
1188 632 1283 723 viri,
1309 647 1348 705 ut

274 737 350 839 jam
372 741 513 814 dudum
541 738 721 812 Stanleius
752 751 790 812 et
806 740 985 812 Fabricius
1006 753 1043 813 et
1064 764 1182 837 nuper
1198 739 1347 831 (lousin,
1397 756 1398 839 t

177 846 180 852 ’
277 851 346 922 hoc
369 850 569 922 carminum
592 873 706 946 genus
731 848 944 944 Xenophani
967 847 1220 943 abjudicarunt
1247 846 1282 920 ⁵¹.
1309 850 1350 918 u

278 956 436 1053 profecto
461 957 596 1026 mirum
623 955 805 1046 videatur,
828 953 940 1043 illud,
964 956 993 1025 si
1017 980 1037 1025 a
1057 954 1278 1051 Xenophane
1300 979 1349 1026 ce·

278 1061 460 1134 lebratum
483 1073 596 1151 esset,
615 1074 659 1133 ut
678 1088 815 1136 novum
837 1077 874 1135 et
897 1061 941 1133 ad
964 1061 1157 1160 tangendos
1170 1061 1350 1132 hominum

279 1181 421 1242 mentes
437 1169 688 1267 compositum,
714 1195 788 1240 non
805 1171 978 1263 majorem
998 1167 1097 1265 apud
1118 1169 1283 1267 antiquos
1301 1192 1350 1239 ce·
1398 1238 1399 1253 ,

281 1275 484 1348 lebritatem
513 1277 686 1374 adeptum
716 1302 816 1368 esse,
843 1277 905 1348 sed
934 1288 1012 1374 post
1040 1274 1147 1347 illum
1176 1288 1352 1372 auctorem

280 1381 400 1453 subito
421 1383 641 1454 obmutuisse
666 1396 702 1454 et
726 1383 842 1456 trihus
865 1382 1014 1455 demum
1043 1393 1121 1478 post
1148 1381 1277 1454 seculis
1304 1405 1351 1451 re-

280 1503 409 1561 natum
433 1516 507 1563 esse
536 1503 682 1562 auctore
710 1491 881 1582 Timone,
904 1491 968 1589 qui
985 1501 1000 1560 ὸ
1020 1492 1213 1588 Σιλλόγραφος
1232 1513 1351 1585 cogno
1399 1496 1400 1517 ¹

281 1598 439 1669 minatus
458 1610 495 1669 et
517 1599 683 1696 princeps
699 1598 811 1695 hujus
826 1598 992 1670 carminis
1009 1594 1153 1667 habitus
1174 1607 1238 1668 est.
1257 1593 1353 1666 Unde

282 1705 394 1802 igitur
436 1704 501 1774 ista
544 1703 722 1776 traditio?
760 1705 972 1803 Repetenda
1024 1701 1168 1778 videtur
1206 1701 1252 1774 ab
1301 1702 1353 1771 in-

283 1809 364 1882 dole
393 1813 471 1906 ejus
493 1836 690 1904 versuum,
721 1812 855 1910 quibus
877 1813 916 1882 in
939 1809 1132 1883 nonnullos
1147 1809 1354 1907 'praesertim

210 1976 218 1988 .
282 1918 446 1992 clariores
473 1921 565 1994 viros
588 1919 739 1993 liberius
761 1935 851 1995 esset
875 1921 1060 1996 invectus:
1085 1922 1135 1990 ita
1160 1916 1354 2016 argumenti

283 2028 440 2126 quadam
452 2027 688 2101 similitudine
703 2030 839 2102 factum
852 2052 942 2120 esse,
960 2041 1003 2101 ut
1015 2028 1144 2100 horum
1161 2027 1354 2099 carminum

284 2135 459 2231 originem
483 2133 528 2205 ad
552 2132 661 2206 illum
689 2136 884 2208 retulerint
910 2148 1116 2227 auctorem3
1142 2156 1355 2233 quamquam

286 2238 449 2313 sillorum
473 2266 606 2313 nomen
640 2254 677 2314 et
696 2244 848 2330 formam
871 2243 1083 2341 Xenophani
1105 2242 1270 2315 existimo
1291 2264 1356 2311 non

284 2349 395 2446 magis
416 2361 537 2420 notam
562 2349 690 2437 fuisse,
718 2376 829 2448 quam
856 2350 952 2450 quod
982 2349 1131 2448 quidam
1154 2347 1357 2444 judicarunt

286 2454 486 2528 Homerum
519 2457 630 2552 hujus
649 2460 790 2557 generis
825 2471 1011 2532 auctorem
1030 2455 1353 2557 ,habendum'esse

285 2562 383 2659 quod
395 2563 590 2636 Thersitam
605 2567 721 2658 jocose
736 2566 934 2639 induxisset
950 2564 1128 2662 principes
1144 2560 1358 2635 Graecorum

285 2668 524 2742 cavillantem.
554 2672 764 2744 Eustathius
793 2674 837 2744 ad
859 2672 961 2745 Iliad.
980 2674 1020 2745 B.
1051 2697 1100 2747 vs.
1119 2695 1207 2761 212,
1226 2696 1263 2766 p.
1282 2668 1356 2757 204.

284 2788 306 2848 οἰ
331 2779 362 2848 δὲ
385 2781 501 2849 παλαιοὶ
516 2793 778 2875 παρασημειοῦνται
805 2787 962 2871 ἐνταῦθα,
986 2781 1028 2852 ὅτι
1051 2782 1180 2870 ούμόνον
1207 2777 1358 2873 Ξενοφάνης

285 2895 417 2967 πεποίηκε
441 2889 556 2964 σίλλους
584 2892 612 2954 ἐν
634 2889 673 2964 οἷς
698 2888 896 2980 sedabant,
924 2891 1003 2957 ἀλλὰ
1030 2892 1079 2954 καὶ
1097 2890 1190 2953 τούτοιν
1214 2896 1260 2952 τοῦ
1284 2883 1360 2955 attor

286 3009 393 3086 πρῶτος
422 2998 565 3090 κατῆρξεν
580 2993 737 3093 Ὅμηρος,
770 2999 858 3073 ε’νοῖς
887 3001 971 3074 αὐτός
1000 3022 1032 3064 τε
1057 2997 1104 3061 τὸν
1128 2994 1275 3087 Θερσίτην
1301 2991 1358 3058 otl-
1402 2974 1403 3061 l

286 3101 406 3191 λαίνετ,
435 3105 487 3168 καὶ
511 3111 526 3168 ὁ
558 3103 701 3198 Θερσίτης
730 3107 790 3180 τοὺς
819 3104 953 3188 βασιλεῖς
976 3099 1011 3172 ⁵³.
1041 3097 1360 3172 Grammaticorum
1402 3066 1404 3185 l

289 3227 373 3300 ergo
400 3206 558 3277 acumini
585 3206 653 3278 hoc
682 3221 929 3280 commentum
958 3207 1082 3282 deberi
1109 3227 1184 3277 non
1210 3201 1358 3276 dubium

329 3438 395 3521 (51)
417 3442 518 3502 Strabo
533 3413 693 3529 locosupra
722 3468 751 3529 p.
773 3469 803 3508 ν.
825 3449 920 3508 citato.
935 3445 1103 3509 scholiastes
1118 3441 1262 3525 Aristopb.
1293 3439 1361 3502 infra

286 3530 386 3610 fragm.
410 3532 538 3594 XXVII.

330 3613 394 3696 (52)
417 3615 555 3678 Stauleius
588 3617 654 3678 hist.
690 3617 789 3699 philos.
814 3641 841 3700 p.
868 3619 928 3702 872
952 3639 993 3698 sq.
1018 3618 1094 3699 cujus
1117 3617 1284 3677 sententiam
1311 3612 1362 3694 pri-

285 3722 362 3762 mum
383 3707 497 3786 rejecit,
519 3729 672 3771 monuero
692 3709 885 3790 comprobavit
905 3704 1067 3784 Fabricius5
1088 3707 1164 3766 hunc
1184 3704 1310 3788 plerique
1327 3720 1363 3760 se-

288 3793 345 3850 cuti
368 3805 444 3853 sunt.
469 3795 534 3856 Vid.
560 3798 704 3858 Harlesius
728 3799 758 3856 in
781 3799 890 3858 Fabric.
915 3799 988 3859 Bibl.
1013 3798 1061 3859 Gr.
1082 3797 1118 3855 T.
1136 3796 1179 3869 II,
1199 3817 1228 3876 p.
1246 3791 1308 3854 616
1326 3808 1362 3866 sq·

288 3881 325 3941 V.
346 3884 458 3944 Cousin.
478 3886 498 3946 l.
523 3888 542 3948 l.
562 3911 591 3970 p.
617 3892 655 3950 23
674 3909 716 3967 sq.
742 3889 848 3950 Contra
866 3890 1011 3950 Strabonis
1028 3889 1222 3950 auctoritatem
1245 3884 1363 3962 sequitur

289 3972 441 4035 Groddeclr
460 3979 545 4039 Initia
558 3979 624 4040 hist.
642 3980 686 4040 lit.
705 3981 730 4056 Ι,
752 3979 836 4064 §dm

328 4065 393 4148 (53)
416 4069 459 4128 Gl.
484 4071 624 4134 scholiast.
643 4072 754 4134 Villois.
776 4074 811 4134 ad
830 4072 911 4136 Iliad.
931 4088 960 4146 β.
981 4093 1049 4134 212.
