2842 4884
484 400 699 442 ranosormr.
1069 380 1130 445 127

65 553 200 627 confusa
225 562 264 623 et
286 550 470 623 obscurata
494 562 604 643 sunt3
645 550 742 648 quod
768 562 810 622 ut
828 551 867 620 in
885 550 1031 649 singulis
1052 576 1131 648 par-

65 660 150 732 tibus
172 658 360 753 apparuit,
373 657 536 729 similiter
552 656 596 729 ad
615 669 726 728 totam
746 657 927 755 pertinere
945 657 1131 755 Xenopha-

66 766 112 839 nis
133 763 393 863 philosophiam
418 790 499 835 mox
524 764 782 856 indicabimus3
807 764 868 837 sed
889 765 988 861 prius
1026 790 1131 838 omne

66 874 124 945 hoc
144 886 402 970 argumentum
427 874 547 969 paucis
575 871 928 970 comprehendamus.

551 1074 627 1158 go.

106 1265 327 1362 Propositum
360 1290 442 1361 ergo
474 1263 693 1362 Xenophani
734 1263 804 1335 fuit
832 1262 876 1336 de
911 1263 986 1337 Deo
1023 1292 1132 1363 quae·

68 1397 153 1460 rere,
180 1372 256 1445 sive
286 1372 331 1443 de
360 1373 396 1443 vi
424 1370 484 1443 illa
512 1396 621 1468 quam
653 1397 727 1444 esse
758 1384 795 1444 et
823 1395 931 1468 quam
958 1373 1132 1447 excellere
1231 1366 1232 1371 ἵ

70 1478 215 1549 omnibus
235 1491 346 1575 atque
366 1478 540 1549 dominari
559 1480 693 1549 statuit.
715 1478 761 1548 Et
781 1500 853 1550 esse
878 1478 1024 1575 quidem
1041 1480 1133 1555 hanc

70 1598 216 1655 naturam
247 1582 456 1681 simpliciter
488 1584 643 1681 postulat
679 1582 782 1656 nulla
822 1610 908 1656 usus
939 1610 1134 1683 argumen-

71 1690 205 1761 tatione:
222 1715 298 1762 esse
316 1691 430 1780 enirn,
452 1692 622 1786 quoniam
640 1716 681 1762 eo
701 1704 852 1788 excepto
871 1689 961 1791 nihil
978 1691 1133 1763 habetur

73 1800 219 1885 onnin03
246 1797 423 1869 dominari
452 1812 599 1889 autem,
624 1790 795 1896 quoniam
821 1799 908 1869 haec
933 1799 983 1872 vis
1007 1812 1059 1887 est
1084 1798 1133 1871 di·
1189 1828 1191 1835 ·

73 1904 129 1974 rini
149 1904 320 1975 numinis.
349 1906 404 1975 Ex
436 1902 490 1976 his
513 1918 634 1977 autem
666 1904 809 1976 duobus
837 1904 952 1976 omnis
980 1907 1132 1999 ejusde

71 2005 129 2079 lleo
152 2011 412 2109 argumentatio
441 2024 523 2107 apta
552 2023 604 2083 est
630 2038 637 2082 :
663 2012 691 2081 si
720 2012 818 2083 enim
849 2024 924 2102 est,
951 2012 1131 2110 ingenitus

42 2205 43 2208 Ἴ
75 2113 145 2187 idem
162 2132 195 2191 et
211 2133 383 2192 aeternus
399 2121 443 2191 sit
463 2146 603 2192 necesse
620 2130 696 2210 est3
716 2119 744 2190 si
768 2116 993 2211 dominatur,
1015 2144 1132 2192 unum

78 2224 196 2296 annino
225 2252 302 2298 esse
330 2227 448 2298 Deum
480 2237 651 2323 oportet,
680 2250 754 2295 non
787 2218 944 2317 multos‘3
978 2226 1008 2295 si
1036 2252 1133 2298 unus

78 2341 129 2418 est,
154 2333 247 2403 omni
281 2359 327 2406 ex
358 2346 459 2431 parte
495 2329 654 2404 eundem
687 2357 761 2404 esse
802 2332 932 2428 suique
965 2330 1137 2405 similem.¹

78 2430 149 2507 Haec
181 2437 224 2510 de
247 2438 325 2509 Deo
358 2439 521 2528 censuit;
543 2451 680 2511 caetera
709 2450 832 2509 autem
863 2462 957 2536 quae
994 2440 1132 2533 praedi-

79 2544 130 2611 cari
156 2545 295 2637 solent,
332 2558 411 2618 tum
444 2547 627 2617 inlinitum
656 2557 691 2616 et
716 2543 911 2630 inmobile,
944 2557 1024 2615 tum
1055 2558 1131 2618 ter-

81 2647 225 2721 ninatum
242 2665 282 2725 et
299 2652 441 2743 mobile,
467 2680 508 2725 ea
540 2665 604 2723 aut
630 2677 703 2722 non
723 2676 795 2723 esse
810 2667 869 2722 aut
883 2648 997 2721 multa
1023 2650 1130 2744 dixit3

81 2756 302 2849 ergoadivina
320 2771 445 2831 natura
467 2756 698 2852 abjudicavit.
719 2757 803 2827 Tota
828 2756 915 2828 haec
937 2755 1024 2825 ratio
1049 2755 1129 2830 hre-

82 2856 148 2929 titer
166 2863 212 2934 ita
235 2865 345 2962 possit
367 2862 518 2938 describi
542 2888 551 2935 ε

50 3129 51 3132 ,
81 3067 251 3160 (τιῖἱνιιτιί)
517 3091 532 3151 ὁ
560 3085 664 3161 Θεός
940 3076 1132 3164 (relisanla)

97 3254 172 3341 plis.
415 3203 468 3341 ξςι,
658 3214 791 3345 liparim
864 3192 876 3382 l
944 3265 1043 3334 πλείω.

414 3338 546 3414 aymarus
655 3340 695 3389 εις

412 3424 559 3499 ἀθάνατος
656 3428 744 3511 ὁμοῖος
762 3428 856 3511 πάντῃ

105 3618 115 3640 ν
412 3529 504 3605 ἀΐδιος.
651 3527 838 3624 σφαιροειδής.

99 3649 190 3720 aarum
915 3642 1127 3729 πεπερασμέναι

102 3745 213 3822 ἀκίνητον.
920 3756 1086 3840 κινούμενον.

120 3948 285 4035 Cernimus
311 3963 349 4034 in
377 3964 432 4035 his
460 3964 562 4037 initia
591 3969 670 4062 ejus
695 3967 862 4058 rationis,
891 3991 985 4065 quae
1013 3995 1033 4039 a
1064 3938 1160 4043 ves

89 4052 189 4132 teribus
207 4072 331 4144 eximie
350 4070 572 4171 Philosophia
594 4076 683 4148 item
697 4074 933 4173 metaphysica
948 4075 1126 4175 appellata
