2842 4884
225 393 272 463 74
671 417 865 460 xunoruaurs

224 577 288 638 tur
313 587 424 663 quam
452 562 692 639 nonnullibi
721 575 844 638 autem
872 588 947 637 non
969 566 1080 662 magis
1100 564 1147 638 ob
1182 565 1313 639 verbo

224 696 308 744 rum
339 669 592 743 obscuritatem
610 695 720 768 quam
735 670 862 743 duram
877 696 1120 750 ,numerorum
1135 674 1312 770 composi·

223 777 359 850 tionem
378 777 438 849 hic
453 802 574 850 versus
596 777 757 876 graviore
774 778 904 851 menda
923 789 1115 875 corruptus
1138 778 1311 872 videtur,
1406 804 1407 825 ι

224 910 318 984 quae
342 885 486 957 fortasse
515 883 705 956 literarum
728 885 843 958 ductu
867 886 917 958 sic
942 885 1149 985 corrigenda
1176 888 1251 957 sit:

322 1034 432 1130 ἇνδριῒιν
453 1027 479 1104 δ’
502 1041 593 1104 αἰνεῖν
614 1046 705 1104 τοῦτον
734 1036 766 1114 ὃς
793 1037 893 1105 ἐσθλὰ
910 1040 983 1105 πιὼν
1006 1044 1180 1132 ἀναφαινει,

418 1139 492 1211 ὅσσα
524 1139 688 1232 μνημοσύνη
712 1140 825 1218 δαιτύος
851 1133 921 1239 ἀμφ’
945 1148 1060 1238 ἐρατῆς.
1151 1165 1154 1170 “

226 1313 248 1360 ((
277 1293 458 1360 Convivam
496 1314 573 1360 eum
612 1288 731 1360 laudea
769 1297 832 1384 qui
865 1295 970 1361 utilia
1000 1295 1095 1362 inter
1121 1289 1313 1361 hibendum
1408 1392 1409 1395 Ἴ

222 1409 373 1483 narrat,
392 1421 627 1493 quoecumque
645 1397 850 1468 recordetur
869 1399 1039 1488 jucundis
1056 1424 1165 1492 super
1181 1403 1309 1492 epulis.

224 1503 320 1576 Haec
337 1515 433 1576 certe
449 1507 575 1599 Poetae
591 1504 792 1576 sententiae
821 1503 1002 1592 videntur
1013 1527 1224 1602 congruere.
1257 1545 1311 1557 -

220 1613 295 1684 ’ὄσσα
317 1611 482 1704 μνημοσύνη
498 1609 656 1708 ellipticc
682 1610 822 1683 dictum
840 1612 968 1704 fuerit,
989 1610 1174 1685 intellecto
1195 1610 1310 1685 verbo
1409 1662 1410 1669 ι

223 1726 363 1817 σ’ναφαίνφ
386 1730 451 1790 aut
470 1715 577 1794 simili
595 1717 771 1816 quodam,
796 1716 894 1817 quod
919 1743 964 1790 cx
985 1717 1213 1815 praecedenti
1230 1727 1311 1788 ὅσα·

223 1824 315 2005 φφίνφφ
341 1823 508 2004 facilalgge
537 1825 653 1923 repeti
673 1837 788 1924 potest
805 1851 815 1918 3
838 1822 952 1902 veluti
972 1825 1012 1895 iu
1029 1824 1177 1897 Homeri
1199 1849 1310 1899 versu

221 1931 240 2000 l
255 1958 285 2003 ra
315 1987 323 2003 .
352 1964 381 2014 η.
506 1958 515 2002 :

270 2071 401 2158 ἀρχέτω·
430 2064 524 2158 αὐτὰρ
551 2069 607 2154 ἐγὼ
636 2066 720 2155 μάλα
749 2061 904 2154 πείσομαι,
927 2060 1007 2157 η’περ
1035 2059 1075 2130 σῖν
1096 2057 1191 2139 σῦτσς·

221 2199 312 2288 ὦτος,
339 2225 401 2296 np.
431 2199 529 2295 ἄρχῃ,
550 2197 647 2298 quod
665 2225 710 2271 ex
728 2199 905 2296 superiori
926 2197 1035 2273 verbo
1053 2196 1308 2296 repetendum.
1411 2210 1412 2265 t

271 2333 321 2380 vs.
341 2331 398 2378 22.
413 2329 464 2405 sq.
487 2309 627 2380 Horum
649 2333 822 2382 versuum
839 2307 1043 2380 emendatio
1057 2305 1311 2404 schweighau-

222 2439 300 2488 sero
334 2427 372 2489 et
398 2413 579 2515 scaligero
608 2414 790 2510 debetur3
813 2415 852 2488 in
877 2414 1146 2488 Cosauboniana
1172 2414 1228 2486 ed.
1256 2414 1311 2488 sic

222 2522 409 2622 legebatur
431 2547 439 2593 ε

318 2671 380 2742 οὐδέ
391 2697 423 2740 τε
442 2667 618 2765 Κενταύρων
641 2665 659 2749 ἢ
686 2679 792 2752 ςάσιας
816 2677 958 2767 προτέρων

369 2775 582 2874 -ὶ-φενδόνας,
611 2794 667 2854 ταῖς
692 2776 769 2846 οὐδὲν
787 2782 899 2874 χρηςόν
928 2776 1019 2861 ἔνεςι.

221 2926 331 3000 codd.
356 2936 481 2998 autem
506 2922 631 3021 plures
649 2949 737 2996 cum
769 2922 967 3020 praebeant
984 2929 1168 3019 ’πλασμάτων
1204 2936 1310 3021 προτέ-

220 3032 310 3131 ρωνῆ
329 3043 436 3118 ςάσιας
459 3034 613 3130 φενδόνας,
631 3031 718 3104 hinc
728 3035 891 3125 πλασμάτα
906 3051 962 3102 τῶν
977 3033 1132 3106 correxit
1144 3030 1310 3106 Schwei-

221 3140 390 3238 ghtiuser3
406 3163 469 3235 pro
482 3140 617 3237 φενδόνας
630 3150 755 3210 autem
769 3139 907 3234 φλεδόνας
925 3138 1130 3214 emendavit
1148 3136 1310 3236 Scaliger

221 3248 247 3319 l.
265 3245 290 3319 l.
308 3245 543 3343 probantibus
556 3245 639 3316 viris
658 3245 779 3318 doctis.
801 3244 919 3316 Minus
932 3243 1083 3318 feliciter
1102 3244 1305 3342 Schweigh.

222 3379 288 3454 pro
320 3352 339 3436 ἢ
374 3363 505 3440 ςάσιας,
541 3353 681 3450 φλεδόνας
719 3355 921 3445 conjecerat
959 3361 1107 3432 ἀσπασιας
1141 3354 1307 3452 φλεδόνας,

221 3463 388 3550 amabiles
412 3485 550 3555 παφαεε
568 3471 620 3530 est
637 3459 760 3550 enim,
783 3457 910 3531 nullus
924 3462 1153 3554 conjecturae
1177 3459 1279 3532 locus
1296 3488 1306 3553 3

222 3580 319 3662 μάχαι
339 3579 375 3639 et
399 3576 498 3652 ςιὶσιες
523 3579 619 3640 recte
633 3568 741 3665 jungi
760 3578 930 3663 possunt,
948 3567 1053 3662 'quod
1078 3568 1104 3637 si
1130 3564 1308 3661 exemplis

222 3673 480 3747 illustrandum
508 3673 579 3764 sit,
608 3673 699 3744 conf.
732 3671 840 3743 Solon
870 3699 907 3770 p.
933 3697 1007 3772 92,
1032 3671 1138 3744 Bach.
1163 3671 1307 3745 Similes

221 3807 369 3880 quoque
400 3793 486 3854 sunt
519 3781 754 3854 Anacreontis
786 3807 908 3855 versus
939 3782 1039 3879 opud
1072 3781 1306 3856 Athenaeum

90 3981 95 3994 ι
222 3915 259 3988 Ρ·
285 3888 373 3986 463,
402 3889 463 3962 Αἵ

322 4038 453 4134 εύφιλέω
479 4037 508 4115 ’ἐς
532 4053 651 4134 κρητῆρι
673 4043 756 4133 παρὰ
773 4035 1051 4130 πλέῳσίνσπστσὶζων

374 4154 471 4214 νείκεα
499 4149 549 4212 καὶ
571 4150 695 4238 πόλεμον
720 4146 897 4242 δακρνόεντα
913 4143 1003 4239 λέγει.
