2842 4884
1107 431 1140 473 X!

77 585 145 658 sola
179 585 295 662 divina
329 596 365 658 et
396 596 537 658 aeterna
566 582 768 656 haberetur.
799 582 890 655 Hinc
920 578 1139 655 celebratum

76 715 166 789 illud
187 716 370 789 decretum
399 742 406 784 :
434 718 463 784 ἓν
488 723 524 785 τὰ
545 725 663 806 πάντα,
693 739 802 786 unum
826 739 897 784 erae
919 719 1048 784 omniu.
1074 712 1140 784 Ne·

75 871 144 943 que
169 859 288 920 tamen
314 871 355 917 eo
368 829 517 918 fueruht
530 846 704 938 contenti3
725 843 969 942 processerunt
988 841 1137 941 longius.

74 973 290 1049 Mirabantur
315 977 436 1068 enim,
461 978 489 1048 si
508 1001 625 1072 unum
649 974 754 1048 modo
777 986 887 1066 esset,
912 973 1011 1046 unde
1034 974 1140 1046 orire·

74 1115 131 1174 tur
156 1118 255 1177 tanta
281 1104 341 1176 illa
370 1130 545 1203 generum
573 1105 749 1190 varietas,
780 1115 877 1174 tanta
908 1115 1056 1175 naturae
1084 1103 1139 1179 vi-

73 1236 235 1310 cissitudo
255 1237 536 1311 :intellexerunt
560 1262 668 1333 ergo,
694 1261 769 1310 esse
789 1236 831 1306 in
855 1235 1085 1309 universitate
1103 1247 1140 1309 et

48 1391 243 1463 ¹generum
272 1367 511 1444 diversitatem
541 1381 577 1441 et
609 1393 721 1441 unam
750 1366 930 1465 quandam
964 1368 1037 1441 vim
1068 1392 1139 1464 qua
1246 1402 1249 1406 ⁴

72 1511 196 1572 cuncta
223 1503 519 1599 constringantur.
545 1500 646 1593 Quae
670 1499 767 1570 notio
791 1495 901 1594 posita
923 1497 1070 1595 quidem
1088 1508 1141 1569 est

70 1628 107 1698 in
126 1634 310 1704 communi
334 1631 569 1731 intelligentia
594 1643 631 1704 et
657 1631 759 1728 quasi
781 1628 981 1702 Promethei
1001 1628 1141 1727 ignicu-

69 1757 109 1830 lis
120 1757 134 1852 ‚³
164 1775 209 1834 ut
235 1763 337 1835 Plato
369 1763 493 1860 fingit,
520 1764 559 1832 in
592 1760 782 1831 hominum
806 1760 933 1830 animis
961 1784 1077 1856 sparsa
1092 1759 1138 1850 *‚

70 1887 322 1987 explicuerunt
349 1917 433 1967 vero
464 1888 662 1990 philosophi
685 1902 722 1964 et
745 1901 840 1964 certa
860 1890 1005 1962 rationis
1028 1890 1139 1962 forma

70 2019 434 2118 comprehenderunt,
458 2021 631 2120 principia
657 2020 817 2095 universi
833 2031 1029 2094 statuentes
1046 2048 1076 2089 εν
1093 2028 1143 2091 καὶ

69 2157 178 2247 πολλά,
198 2183 306 2228 unum
324 2183 395 2292 grae
412 2167 446 2228 et
468 2163 584 2228 multa.
607 2157 715 2228 Porro
731 2157 758 2228 si
780 2153 824 2229 de
841 2156 881 2249 vi
895 2154 1013 2231 divina
1030 2179 1139 2252 quae-

71 2257 204 2378 ramuh‚
218 2287 279 2359 cui
291 2287 408 2384 ignota
421 2297 474 2386 est
486 2285 715 2385 Anaxagorae
730 2285 904 2358 sententia
915 2339 926 2376 ‚
939 2284 1004 2382 qui
1021 2285 1139 2357 Deum

69 2417 188 2487 statuit
210 2419 323 2516 ipsam
347 2428 506 2490 mentem
530 2416 602 2513 (τὸν
626 2419 699 2488 Nata
713 2417 751 2513 )‚
776 2442 937 2509 caussam¹
952 2416 1066 2488 omnis
1081 2442 1141 2488 na·

70 2555 196 2642 turae,
227 2574 300 2648 qua
331 2560 368 2621 et
394 2545 439 2620 ab
468 2547 570 2620 initio
601 2547 723 2621 effecta
755 2559 792 2618 et
824 2548 983 2619 ordinata
1022 2559 1138 2619 essent
1177 2541 1180 2546 ’

67 2677 179 2749 omnia
190 2689 230 2751 et
242 2689 417 2777 perpetuo
430 2691 641 2776 regerentur
653 2705 662 2769 3
677 2677 776 2750 hunc
789 2701 862 2748 esse
875 2676 984 2746 totius
997 2674 1137 2766 mundi,

68 2803 152 2876 coeli
191 2821 472 2907 terrarumque,
515 2819 687 2879 rectorem
720 2834 728 2876 :
762 2818 799 2883 ὡς
826 2807 899 2882 Νοῦς
925 2811 971 2887 ἐςί
1000 2806 1138 2890 βασιλεὺς

68 2939 131 3020 ἡμῖν
164 2941 280 3034 ούρανοῦ
308 2965 339 3006 τε
368 2945 418 3006 καὶ
441 2953 492 3031 γῆς
505 2934 563 3005 *4.
589 2935 626 3004 Si
642 2960 727 3010 vero
753 2959 877 3005 rerum
893 2943 1059 3004 naturam
1083 2933 1138 3004 in·

69 3061 254 3154 spiciamus
279 3078 316 3137 et
340 3077 535 3164 perpetuae
556 3065 634 3160 ejus
653 3063 904 3137 vicissitudinis
923 3061 1017 3160 leges
1038 3087 1137 3135 caus-

69 3213 186 3291 sasque
199 3224 435 3297 quaeramus,
457 3197 537 3295 quis
557 3223 630 3268 non
650 3194 847 3268 admiretur
868 3192 1138 3292 Empedocleam

43 3305 306 3420 'sententiam‚
336 3353 407 3426 qua
436 3327 539 3399 finxit
562 3327 635 3402 duo
662 3327 837 3424 principia
867 3325 961 3397 inter
993 3350 1030 3397 se
1054 3350 1136 3397 con-

70 3459 197 3553 traria,
230 3465 398 3534 Amorem
426 3471 463 3530 et
493 3458 706 3531 Discordiam
743 3460 876 3556 (Φιλίαν
909 3468 947 3529 et
976 3455 1109 3550 Νεῖκος)
1125 3441 1140 3545 ,’

70 3605 219 3676 quorum
234 3602 362 3663 mutua
375 3590 602 3662 contentione
616 3615 699 3662 cum
715 3590 832 3659 omnia
844 3599 1020 3686 perpetuo
1034 3595 1136 3655 motu

71 3708 240 3820 fluxuque
248 3707 438 3822 agitentur,
454 3732 533 3794 tum
546 3721 783 3818 sempiternus
791 3731 941 3790 naturae
954 3715 1038 3786 ordo
1050 3738 1136 3784 con-

108 3957 147 4041 (*)
167 3967 244 4029 Plato
265 3971 372 4032 Philet».
393 3996 422 4054 p.
443 3974 477 4035 16
498 3975 530 4036 G.
604 3995 606 3999 ·
671 3942 677 3951 l

107 4086 159 4168 (**)
182 4097 256 4162 Plato
276 4101 344 4164 ibid.
362 4127 391 4186 p.
411 4105 450 4166 28
528 4143 530 4147 -
