2842 4884
506 436 720 480 curiosorum.
1089 417 1153 481 13³

67 608 106 656 se
130 588 313 683 posuisse,
333 588 394 662 sed
411 589 635 683 conjunxisse
649 613 734 660 cum
752 588 819 661 Dei
833 588 999 679 notione,
1020 588 1060 658 in
1078 613 1151 687 qua

68 702 184 762 totam
214 707 373 768 mentem
399 694 553 767 hahebat
579 695 725 765 infixam
754 701 818 764 ετὸ
841 699 873 763 ἓν
904 692 984 763 εἶναι’
1008 723 1076 792 φησι
1105 700 1151 764 τὸν

69 797 170 889 Θεόν,
199 814 246 871 ut
270 802 319 871 ait
342 800 569 891 Aristoteles3
595 801 764 896 idemque
791 824 812 870 e
840 800 1076 896 Theophrasto
1102 799 1152 870 af-

68 902 193 975 firmat
220 908 423 1005 Simplicius
448 937 455 980 :
481 914 512 977 τὸ
537 911 566 977 ἓν
590 920 664 978 τοῦτο
688 913 738 975 καὶ
764 923 821 976 πᾶν
845 912 891 976 τὸν
916 910 989 975 Θεὸν
1013 906 1111 1000 ἔλεγεν
1136 916 1157 976 ὅ.

69 1008 237 1107 Ξενοφάνης
261 1012 284 1049 ⁶²
311 1041 319 1083 :
344 1040 427 1086 cum
451 1012 583 1111 quibus
608 1012 772 1110 plerique
801 1013 1039 1084 consentiunt.

117 1116 195 1189 Ista
222 1133 344 1193 autern
365 1121 540 1193 sententia
565 1120 682 1193 variae
709 1118 829 1191 locum
854 1118 954 1190 dedit
976 1119 1151 1217 interpre-

69 1222 218 1295 tationi.
239 1225 402 1299 Fuerunt
429 1228 494 1323 qui
514 1225 606 1297 illud
633 1228 663 1294 ἓν
688 1237 786 1295 πάντα
809 1226 858 1297 sic
884 1223 1126 1322 intelligerent
1140 1252 1155 1296 ·.·

68 1328 186 1399 totius
212 1356 335 1405 rerum
366 1334 604 1405 universitatis
629 1357 741 1402 unam
768 1356 840 1405 esse
868 1332 1053 1403 materiem
1076 1333 1151 1405 sive

69 1457 215 1526 ςνιχεῖον,
230 1441 328 1511 omni
343 1454 493 1513 naturae
516 1438 712 1534 subjectam
731 1440 927 1534 (ὑπνκεᾲιεννν
941 1439 973 1535 ),
992 1462 1152 1534 eumque

69 1538 198 1615 Deum
222 1571 305 1619 esse.
332 1545 596 1619 Nonnullorum
613 1547 759 1641 quidem
780 1546 866 1619 haec
888 1546 1063 1619 sententia
1081 1546 1153 1617 suit

72 1646 395 1749 philosophorum,
410 1654 450 1723 in
474 1652 596 1748 primis
619 1652 845 1743 lonicorum,
859 1654 923 1751 qui
948 1677 1070 1725 rerum
1089 1677 1151 1722 na-

71 1762 201 1825 turam
228 1760 440 1851 perscrutati
470 1757 514 1827 ad
539 1782 657 1827 unum
687 1757 908 1831 elementum
936 1770 1065 1829 cuncta
1096 1782 1151 1828 re-

71 1858 213 1933 ducere
230 1861 446 1949 studebant,
461 1860 575 1937 veluti
599 1862 725 1936 Thales
747 1865 909 1935 omnium
933 1863 1151 1961 principium

73 1990 211 2062 aquam
232 1968 370 2063 posuit3
394 1993 482 2065 quos
505 1967 626 2066 plures
649 1972 764 2042 secuti
783 1983 890 2062 sunt,
909 1970 975 2067 qui
991 1971 1030 2040 in
1046 1969 1154 2047 rebus

74 2073 256 2168 corporeis
281 2073 466 2147 haerentes
497 2075 703 2172 omniaque,
729 2090 772 2148 ut
790 2077 889 2148 Plato
920 2078 1007 2149 dicit
1032 2075 1078 2167 ⁶³,
1107 2075 1152 2150 de

75 2177 178 2250 coelo
201 2178 239 2247 in
253 2192 383 2253 terram
398 2182 608 2255 devocantes
620 2183 911 2273 contendebant,
929 2197 1004 2253 τώτν
1032 2180 1152 2253 εἶναι

75 2287 195 2374 μόνονὸ1
218 2295 339 2381 παρέχει
364 2290 523 2385 προσβολὴν
549 2295 598 2357 καὶ
621 2298 731 2387 ἐπαφήν
756 2319 845 2380 τινα,
871 2295 971 2360 ταύτὸν
994 2291 1080 2384 σῶμα
1104 2297 1157 2360 καὶ-

74 2392 171 2459 νύσίαν
196 2402 362 2485 ὁριζόμενοι,
382 2394 417 2464 h.
445 2420 476 2467 e.
502 2394 594 2465 nihil
631 2421 725 2486 esse,
758 2398 826 2467 nisi
858 2396 954 2493 quod
987 2396 1152 2468 manibus

77 2503 231 2569 tractare
261 2510 297 2569 et
324 2498 434 2571 oculis
461 2499 596 2573 intueri
627 2513 779 2597 possent.
813 2500 961 2573 Eleatici
992 2501 1156 2598 quamvis

78 2599 121 2671 ah
151 2603 224 2675 hac
238 2605 403 2699 opinione
429 2605 628 2703 longissime
654 2619 770 2681 essent
794 2608 944 2694 remoti,
971 2618 1007 2677 et
1032 2618 1154 2677 contra

79 2710 201 2801 potius
213 2721 353 2782 terrena
374 2713 491 2783 omnia
505 2724 541 2783 et
553 2725 719 2783 concreta
737 2720 1017 2801 contemnentes,
1037 2736 1157 2781 unum

79 2811 173 2887 illud
199 2816 296 2911 quod
319 2816 469 2913 simplex
493 2830 531 2889 et
552 2829 743 2888 aeternum
769 2829 858 2888 esset
884 2827 1004 2888 mente
1030 2816 1158 2912 -anqui-
1197 2859 1200 2863 ·

80 2932 226 3011 rerent,
252 2922 402 2995 fuerunt
428 2936 547 2995 tamen
579 2924 644 3020 qui
668 2922 814 2994 illorum
839 2928 870 2990 τὸ
891 2920 1183 3017 &incorpoream¹

60 3025 325 3126 *intelligerent
349 3042 525 3101 naturam.
551 3031 670 3123 Hujus
699 3028 1004 3124 interpretationis
1035 3040 1159 3101 auctor

81 3128 119 3202 in
144 3133 269 3230 primis
293 3133 478 3207 habendus
502 3135 646 3207 videtur
670 3133 896 3223 Aristoteles,
911 3136 975 3231 qui
988 3134 1158 3232 antiquo-

83 3262 166 3317 rum
184 3242 379 3337 generatim
398 3254 471 3311 tarn
484 3242 688 3313 lonicorum
702 3262 812 3339 quam
824 3239 1031 3311 Italicorum
1045 3266 1155 3312 unam

84 3344 323 3443 philosophiae
348 3345 509 3444 regulam
526 3360 700 3435 statuens,
720 3347 918 3444 quaerendi
938 3348 1158 3443 principium

84 3450 177 3526 idem
205 3451 384 3550 plerisque
421 3454 505 3525 facit
530 3460 560 3523 τὸ
585 3472 634 3534 τῆς
657 3454 732 3535 ν”λης
758 3451 854 3531 eldaa:
877 3454 944 3525 hoc
973 3478 1158 3525 summum

87 3582 157 3631 esse
182 3585 202 3629 a
241 3584 314 3655 quo
342 3559 458 3630 omnia
500 3570 664 3657 repetere
694 3572 731 3631 et
763 3572 836 3657 quo
865 3560 997 3631 referre
1040 3558 1157 3627 omnia

127 3810 190 3893 (62)
211 3810 328 3871 Laudati
339 3832 421 3893 supra
437 3833 464 3892 p.
475 3811 515 3895 95
522 3855 532 3883 ,
553 3810 624 3888 105,
643 3834 708 3895 ¹07·
729 3814 850 3874 Galenus
862 3812 934 3870 Hist.
946 3808 1015 3867 Phil.
1030 3827 1054 3867 c.
1065 3807 1119 3867 111.
1128 3830 1159 3890 p.

90 3898 127 3977 24
136 3902 167 3960 F.
184 3898 245 3962 εἶναι
260 3899 403 3978 adura-lv,
416 3900 462 3963 nai
475 3914 552 3964 τνῖἲτν
565 3902 694 3986 tremus
715 3902 788 3977 Sal»,
801 3898 1017 3981 πιπνμνμίννν,
1036 3895 1160 3993 λνγιννδν,

89 3999 288 4075 ἀμετάβλητον.

128 4114 188 4193 (63)
211 4117 331 4197 Sophist.
351 4137 380 4197 p.
404 4114 463 4193 246
483 4120 514 4177 A.
539 4140 541 4144 ’
