2842 4884
546 430 762 475 rmoosooma.
1117 414 1179 481 187

100 581 184 651 Non
207 579 366 653 alienum
392 593 445 655 est
469 608 555 657 cum
581 585 646 657 hoc
675 610 883 707 comparare
905 586 1180 686 Pythagoraeil·

99 685 178 759 lam
200 700 237 760 et
257 681 557 788 Pythagoreorum
585 693 799 767 sententiam
821 693 887 790 qui
906 719 944 769 se
962 720 1036 766 non
1057 703 1178 793 σοφούς,

98 914 212 991 ὅρὸντις
227 912 328 981 τιν’τνιν
342 912 490 990 κινονμίνην
504 912 553 983 rsit
565 914 658 990 φιν-ιν,
670 912 745 977 καιναὶ
755 912 792 977 Ν
803 927 851 977 τοῦ
860 916 1089 993 peramarum
1099 915 1179 979 ον’Νν

95 1000 322 1081 ciza-levirum,
336 1004 399 1085 τινί
410 1032 444 1077 qr
461 1002 491 1066 vl
512 1004 601 1085 πίννῃ
621 1006 728 1069 valnas
746 1007 925 1087 μιτιβᾶλλιν
937 1013 986 1070 oriz
1006 1008 1055 1073 ι’νόλ
1057 1006 1179 1087 lxta-241

95 1092 260 1161 dardanico.
284 1095 405 1156 Primum
426 1096 508 1157 lectio
532 1118 589 1156 non
609 1108 727 1157 constat.
749 1096 864 1157 Veteres
883 1097 993 1175 quidem
1015 1100 1181 1180 interpretes

93 1181 198 1263 legunt
223 1180 310 1267 ὅπερ
337 1184 507 1268 Ἐπίχαρμος
536 1193 571 1247 u's
597 1186 763 1265 irrequisito,
787 1198 819 1243 ut
838 1183 943 1244 editum
964 1198 1005 1245 est
1024 1185 1180 1247 aBrantll·

93 1273 140 1330 sio
167 1297 194 1354 p.
219 1295 274 1357 793
296 1274 345 1334 sed
364 1275 502 1353 quodnam
526 1276 687 1356 Epicharmi
714 1277 819 1335 dictum
841 1273 1017 1353 significetur
1040 1296 1098 1335 non
1121 1296 1180 1335 me·

94 1376 212 1421 morant
233 1388 239 1422 ε
260 1384 295 1423 ex
314 1366 380 1445 ipsis
399 1367 487 1447 igitur
506 1365 662 1426 Aristotelis
682 1365 776 1425 verbis
795 1362 961 1423 eliciendum
980 1374 1069 1436 esset,
1088 1365 1128 1422 sie
1147 1375 1180 1422 nt

94 1455 234 1532 opinatur
251 1455 373 1530 Cousin,
394 1454 429 1515 de
443 1455 569 1515 hocloco
586 1455 625 1514 ita
640 1473 861 1515 commemorans
882 1477 890 1511 :
914 1472 929 1505 ιι
947 1451 1026 1513 Nous
1044 1464 1180 1512 trooroos

95 1565 112 1597 n
140 1544 217 1603 aussi
239 1542 310 1603 dans
331 1545 358 1605 la
377 1543 585 1624 me'taphysique
605 1542 755 1603 d'Aristote
775 1564 814 1601 un
833 1561 965 1622 passage,
980 1538 1082 1619 doquel
1100 1540 1120 1597 il
1138 1561 1182 1600 re-

96 1656 113 1689 »
141 1633 270 1693 sultarait
289 1634 499 1715 qu'Epieharme
519 1636 594 1694 avait
614 1633 655 1693 dit
673 1632 708 1693 de
731 1632 924 1713 Xenophane:
937 1628 971 1691 Il
988 1653 1009 1689 a
1025 1630 1097 1689 l‘ar'r
1113 1631 1181 1689 d’o-

94 1746 112 1779 »
141 1729 206 1786 νοίν
229 1727 348 1799 raison,
369 1728 446 1783 maio
465 1727 492 1783 il
508 1747 528 1783 a
547 1738 613 1783 tort.
627 1748 643 1781 ι
658 1724 715 1783 Hic
734 1744 799 1803 erqo
817 1722 975 1783 Aristotelis
990 1721 1053 1791 illa,
1070 1719 1179 1783 rlxo‘roc

93 1810 151 1887 uls
174 1812 319 1887 λέγουσιν,
341 1816 389 1873 ον’νι
409 1817 506 1881 ian-iri
525 1812 560 1875 Ν
580 1814 725 1887 riorum,
744 1833 780 1870 ex
798 1810 961 1892 Epicharmi
977 1810 1006 1869 in
1026 1808 1180 1891 Xenopha-

93 1923 166 1981 nem
186 1901 262 1963 dicto
281 1923 410 1984 expressa
430 1905 558 1985 putarit3
582 1902 657 1981 quod
679 1922 778 1962 vereor
798 1921 834 1959 an
852 1900 890 1959 sit
912 1899 1067 1981 probabile.
1090 1900 1180 1979 Equi-

93 1990 208 2051 demin
231 1991 274 2051 his
289 1993 395 2054 nullum
412 2014 532 2072 agnosco
552 1994 690 2073 poeticum
712 1991 877 2070 vestigium
898 1989 1011 2051 ridetur
1022 2010 1090 2052 vero
1104 1991 1182 2071 tangi

94 2081 134 2141 ab
156 2081 304 2143 Aristotele
323 2096 390 2143 nota
409 2084 456 2143 illa
479 2085 623 2162 utriusque
644 2082 797 2151 sententia,
810 2101 864 2159 qua
878 2078 913 2139 de
928 2100 1022 2160 rerum
1036 2100 1180 2141 sensuum-

94 2190 152 2247 que
172 2170 343 2231 obscuritate
363 2186 392 2231 et
411 2174 599 2233 inconstantia
618 2174 707 2252 questi
727 2182 804 2231 sont.
827 2170 1011 2252 Xenophanis
1030 2169 1105 2230 dieta
1118 2191 1180 2230 me-

96 2260 289 2339 morarimos3
306 2261 467 2343 Epicharmi
487 2262 619 2324 versiculi
638 2274 750 2322 exstant
764 2258 839 2341 apud
854 2261 933 2341 Diog.
946 2261 1038 2321 haert.
1055 2260 1114 2336 111,
1129 2281 1181 2337 rr,
1267 2327 1270 2330 ,

97 2348 149 2409 ubi
171 2347 264 2411 dicit:

222 2464 247 2524 εἰ
268 2477 445 2546 μιτιιλλνιγᾲ·
464 2464 501 2525 Ν
521 2467 620 2528 odores
642 2467 696 2529 t'rrl
712 2466 805 2529 πίνναι
825 2465 871 2528 alr
888 2466 989 2549 κρίνον.

79 2582 166 2641 .Non
192 2584 279 2663 igitur
299 2596 358 2642 erat
378 2584 454 2661 quod
479 2584 661 2667 Epicharmus
680 2583 734 2643 hae
754 2588 785 2644 in
806 2603 837 2643 re
861 2583 1063 2665 Xenophanem
1081 2604 1179 2663 repre-

96 2670 245 2732 henderet.
274 2670 384 2732 Idcirco
408 2677 438 2731 in
458 2674 607 2733 Aristotele
625 2673 722 2731 nescio
746 2693 782 2729 an
802 2674 841 2730 sie
862 2670 1010 2750 legendum
1029 2672 1089 2729 sit:
1111 2668 1180 2734 oo‘w

98 2788 135 2832 γι
157 2762 277 2842 (nempe
304 2758 392 2844 ἕσπερ
420 2764 533 2840 ἐκεῖνον)
558 2759 689 2843 ὶρμᾶττει
714 2770 823 2837 μνῖλλον
853 2762 933 2819 εἰπεῖν
954 2755 971 2827 »l
993 2752 1080 2841 deasq
1104 2760 1179 2822 'Exi'-

97 2876 207 2934 χαρμος
230 2848 247 2920 l
265 2854 411 2933 Ξενοφάνης
435 2852 523 2929 sinor,
544 2864 635 2915 πεῖν-νιν
656 2852 763 2933 ν’ρὸντιι
782 2883 945 2897 ---
964 2849 1180 2931 αι’λννθινίμιννν,

98 2942 164 3025 περί
181 2970 216 3017 γι
245 2943 277 3004 ιδ
302 2945 389 3027 xot'rrp
413 2945 519 3007 πάντας
543 2943 725 3022 μεταβάλλον
752 2943 798 3002 ον’νι
825 2941 996 3019 ι’νΝχιι-θιιι
1021 2941 1179 3010 silandicus.

100 3034 146 3091 Cf.
165 3034 274 3093 Platon.
290 3034 404 3093 Theaet.
424 3057 454 3115 p.
477 3034 595 3105 152,st
614 3034 647 3093 E.
667 3034 744 3091 Haeo
759 3044 852 3091 autem
873 3032 1106 3110 sententia,quae
1121 3045 1179 3095 tam

100 3122 272 3203 Xenophani
291 3144 372 3201 quam
392 3124 559 3206 Epicharmo
579 3124 704 3207 placuit,
724 3123 848 3203 pertinet
868 3134 977 3181 tantum
998 3121 1034 3182 ad
1051 3145 1095 3184 res
1108 3146 1180 3203 quae

101 3213 226 3272 sensibus
252 3215 467 3295 percipiuntur,
498 3237 555 3275 non
579 3213 616 3274 ad
642 3212 754 3273 divinae
780 3224 895 3272 naturae
926 3214 1070 3272 notionem
1095 3234 1187 3292 quam.

100 3313 218 3380 uterque
229 3315 321 3361 mente
339 3317 513 3385 conceperat.
531 3303 690 3365 Aristotelis
707 3302 800 3361 locum
819 3303 907 3382 tangit
918 3301 1024 3383 Grysar
1034 3348 1043 3377 ,
1061 3302 1096 3363 de
1110 3304 1179 3385 Epi-

102 3391 214 3451 charmo
240 3391 412 3473 disputans
405 3414 434 3452 1n
453 3396 577 3469 Quaestt.
600 3392 635 3453 de
656 3394 784 3453 Doriens.
810 3391 941 3452 Comoed.
962 3414 991 3473 p.
1016 3394 1080 3454 115
1099 3396 1178 3472 (Co-

101 3481 158 3542 lon.
185 3480 303 3559 1828),
323 3484 375 3542 etsi
392 3504 491 3565 parum
512 3497 588 3546 recte
607 3482 747 3563 explicare
767 3482 890 3542 videtur.

142 3572 220 3633 Alter
239 3584 332 3632 autern
349 3572 442 3646 locus,
461 3573 496 3633 de
516 3570 754 3687 quomonendupr
772 3587 837 3644 est,
858 3586 949 3633 exstat
970 3572 1005 3633 de
1021 3574 1082 3632 Art.
1102 3549 1177 3651 po'et.

102 3682 163 3743 cap.
184 3661 285 3723 XXV.
315 3620 464 3723 Graefenh.
490 3664 540 3724 uhi
567 3664 658 3742 agitur
683 3661 742 3743 aql
764 3660 923 3735 tristano.
898 3661 982 3721 ede
1006 3659 1176 3723 solutionum

101 3753 255 3813 fontibus
247 3774 276 3811 ιη
297 3752 435 3812 artificum
456 3767 484 3813 et
498 3758 641 3834 poetarum
661 3754 791 3835 operibus
804 3747 989 3815 aestimandis.
1008 3750 1042 3812 In
1056 3751 1176 3827 quihus,

101 3844 210 3921 inquit,
231 3846 258 3902 oi
281 3844 529 3923 reprehendatur,
553 3846 634 3925 quod
653 3866 727 3905 vera
744 3867 803 3904 nort
821 3847 900 3916 sint,
923 3841 1176 3919 respondendum,

101 3954 160 3991 eree
175 3934 251 3991 talio
265 3936 372 4013 qualia
386 3934 490 3993 debent
502 3956 561 3995 esre
574 3937 583 4013 (
595 3932 639 3996 ν’νέν
659 3936 823 4011 ἑπιτνμνῒννιι
843 3928 885 3992 ἔτι
903 3930 949 3991 ais
969 3932 1067 3998 ἀληθῆ
1074 3977 1083 4006 ,
1103 3935 1175 3994 αλλ’

102 4020 145 4084 ola
165 4020 214 4084 del
226 4024 254 4102 );
269 4028 295 4083 ei
314 4026 419 4083 horum
434 4036 590 4100 neutrum,
607 4040 641 4087 at
657 4029 735 4087 talia
749 4024 929 4103 coaequalia
943 4025 1035 4104 vulgo
1049 4028 1175 4103 opinare·

103 4126 152 4177 tur
167 4118 180 4191 (
197 4119 218 4173 ιι’
239 4111 275 4173 Ν
297 4112 471 4196 ponderique,
484 4110 525 4175 lor
544 4110 609 4175 odra
629 4113 710 4189 φασίν
723 4116 755 4193 ),
770 4114 866 4172 veluti
885 4131 964 4191 quae
978 4114 1014 4173 de
1030 4112 1174 4191 Diiefin·
