2842 4884
211 365 260 429 26
658 383 855 426 moruus

212 535 284 608 bns
307 535 382 608 suis
411 531 575 631 inprimis
597 532 712 606 laceto
738 530 803 604 illo
822 543 862 604 et
881 531 1040 604 mordaci
1063 531 1208 606 dicendi
1228 557 1296 630 ge-

211 669 300 716 nere
321 668 432 716 nsum
444 666 543 732 esse,
560 641 658 738 quod
681 654 802 738 postca
820 639 877 710 his
891 639 1085 739 generibus
1106 639 1299 738 proprium
1420 689 1421 700 ι

210 749 378 822 habitum
393 761 447 822 est
471 776 480 820 ε
506 747 706 847 eodemque
731 746 912 844 Apuleius
944 760 1106 844 spectat,
1128 748 1195 844 qni
1220 746 1299 820 Xe-

211 857 419 956 nophanem
441 859 586 952 Satyros
611 882 738 928 canere
760 855 849 928 dicit
870 852 907 925 ἢ.
929 855 1028 927 Haec
1050 855 1163 952 igitur
1185 855 1299 952 magis

211 961 372 1037 indolem
401 966 482 1058 ejus
509 965 715 1036 carminum
744 987 857 1060 qnam
885 961 1039 1032 formam
1066 961 1298 1058 significant,

211 1099 334 1172 neque
354 1073 519 1166 obstant,
549 1099 623 1172 quo
646 1076 770 1146 minus
794 1084 942 1146 auctore
965 1073 1126 1170 Diogene
1154 1071 1299 1143 laertio

114 1229 119 1248 .
211 1205 335 1254 versus
359 1182 439 1276 ejus
461 1181 507 1254 ad
536 1182 605 1254 tria
624 1179 688 1253 illa
711 1206 844 1279 genera
867 1205 964 1278 qnae
987 1179 1131 1250 dudum
1164 1175 1297 1251 retuli·

210 1311 315 1378 mus,
339 1285 492 1386 elegias,
516 1287 650 1360 iambos
665 1301 703 1362 et
720 1289 884 1362 heroicos
907 1311 1047 1378 versus,
1067 1285 1203 1383 possint
1225 1309 1291 1358 rc-
1419 1388 1420 1395 ἵ

211 1393 309 1466 sent

717 1553 735 1634 s
756 1549 793 1614 o.

258 1743 357 1816 (lum
368 1756 492 1818 autem
504 1747 698 1844 praecipue
726 1745 829 1818 nohis
851 1743 1075 1843 propositum
1098 1743 1145 1813 sit
1160 1743 1202 1812 in
1218 1741 1295 1814 Xe·

209 1852 385 1948 nophanis
416 1851 676 1952 philosophiam
702 1855 915 1951 inquirere,
950 1877 1026 1922 non
1051 1849 1213 1922 alienum
1235 1849 1295 1923 vi-

208 1959 343 2053 detur,
367 1963 580 2060 prinsquam
598 1988 722 2037 versus
736 1965 817 2058 ejus
835 1973 873 2034 et
894 1959 1026 2057 placita
1049 1957 1292 2056 explicemus,

208 2067 255 2142 de
282 2095 325 2141 eo
348 2071 527 2163 carmine,
550 2070 590 2140 in
615 2097 689 2168 quo
712 2071 759 2143 de
782 2094 908 2142 rernm
925 2081 1056 2139 natura
1079 2066 1295 2141 vaticinatus

208 2177 271 2268 sit,
286 2203 403 2273 pauca
417 2177 600 2251 disserere.
620 2179 675 2253 lle
687 2179 757 2251 hoc
769 2190 893 2250 autern
910 2177 1070 2250 carmine
1085 2188 1160 2246 tam
1176 2199 1295 2271 pauca

208 2282 255 2354 ad
270 2297 427 2355 nostram
444 2286 608 2357 notitiam
631 2297 898 2384 pervenerunt,
914 2295 958 2355 ut
979 2281 1089 2380 quale
1104 2281 1198 2353 illud
1212 2280 1295 2354 fne-

208 2390 257 2462 1it
269 2389 412 2464 difficile
432 2392 478 2463 sit
493 2393 705 2466 existimare.
725 2393 925 2465 hlemorant
942 2390 1091 2488 qnidam
1107 2417 1207 2485 περι
1229 2393 1295 2485 φύ-

208 2524 315 2575 σεως
340 2495 448 2569 fuisse
479 2498 764 2596 inscriptum,
716 2497 762 2541 ⁵⁸·
752 2498 841 2571 ·sed
855 2523 974 2596 quum
988 2497 1200 2594 scriptores,
1226 2494 1296 2592 qui

208 2603 276 2678 hoc
306 2605 499 2698 referunt,
528 2619 645 2680 aetate
676 2609 749 2680 sint
753 2554 895 2679 'multo
919 2606 1067 2678 seriores
1092 2615 1131 2676 et
1157 2602 1297 2675 leviore

208 2712 441 2804 auctoritate,
468 2712 670 2788 verendum
700 2726 775 2806 est,
803 2739 851 2786 ne
876 2712 936 2785 hic
948 2711 1081 2784 titulus
1103 2710 1295 2784 desummo

207 2819 252 2890 sit
268 2845 313 2892 ex
329 2816 469 2917 vulgari
483 2819 712 2920 physicorum
727 2820 1010 2910 consuetudine,
1027 2818 1093 2915 qni
1107 2816 1157 2886 ita
1175 2839 1294 2913 quon-

207 2923 290 2996 dam
315 2923 424 2996 libros
442 2951 524 2999 suos
551 2927 708 3001 solerent
735 2927 941 3000 inscribere.
964 2921 1195 3022 Xenophanis
1208 2946 1294 2992 car-

206 3059 293 3106 men
306 3033 416 3106 fuisse
430 3035 480 3106 ita
499 3037 714 3134 inscriptum
735 3062 868 3132 parum
890 3032 1078 3131 probabile
1100 3044 1173 3121 est,
1190 3029 1291 3128 quod

206 3167 280 3215 non
305 3139 418 3214 literis
440 3146 659 3244 consignasse
677 3172 802 3222 versus
819 3168 912 3235 ¹suos
921 3197 936 3231 ,
954 3142 1017 3216 sed
1038 3167 1125 3218 voce
1148 3152 1291 3212 tantum

245 3359 311 3443 (57)
332 3360 466 3443 Apuleius
485 3366 517 3423 in
537 3365 658 3427 Floridis
679 3366 783 3426 L.-1v.
813 3365 924 3425 «canit
944 3362 1126 3446 Empedocles
1149 3362 1290 3436 carmina,

205 3450 287 3512 Plato
309 3449 456 3530 dialogos,
473 3454 602 3516 Socrates
620 3455 761 3538 hymnos,
779 3454 964 3536 Epicharmus
985 3453 1104 3523 modos,
1127 3451 1291 3532 Xenophon

204 3539 353 3616 historias,
369 3542 552 3603 Xenocrates
571 3557 721 3627 satyras.»
704 3545 929 3604 »casaubonus
947 3545 1049 3624 corrigi
1069 3542 1171 3620 jubet·
1192 3544 1289 3601 Xeno

202 3631 320 3709 phanes
344 3632 451 3705 cithu
471 3631 579 3693 sedl
538 3656 564 3692 ar
559 3636 602 3693 'tlt
621 3645 696 3693 recte
716 3635 801 3692 etiam
820 3646 940 3715 satyrae
958 3632 1017 3692 dici
1036 3642 1165 3714 possunt.
1185 3632 1290 3690 Xeno-

204 3723 326 3868 orppp
316 3730 492 3890 arnoglo-
430 3733 459 3780 et
478 3723 678 3802 Xenopham's
697 3725 811 3784 nomina
828 3721 972 3783 interdum
991 3723 1109 3784 confusa
1124 3740 1202 3790 esse,
1221 3738 1290 3780 mox

204 3829 242 3868 no
292 3829 364 3868 rmus

246 3897 310 3979 458)
332 3898 377 3958 lta
400 3903 546 3961 nominant
568 3901 705 3963 Stobaeus
727 3901 798 3962 Ecll.
819 3901 905 3985 Phys.
927 3904 959 3979 1,
980 3923 1011 3985 p.
1031 3899 1103 3985 294.
1133 3912 1161 3960 et
1188 3898 1289 3959 Pollux

204 3989 268 4063 vl,
288 4001 355 4050 sect.
376 3988 433 4067 46,
458 4013 489 4075 p.
511 3993 590 4076 590,
620 4015 739 4073 qaorum
752 3994 822 4055 tides
841 3996 901 4076 jore
926 4007 1055 4078 suspecta
1079 3994 1135 4074 jam
1157 3993 1219 4054 risa
1244 4003 1289 4051 cst

207 4080 316 4140 hittero
335 4079 436 4142 Gesch.
458 4081 487 4143 d.
509 4084 686 4168 Philosophie
705 4085 743 4144 Τ.
760 4086 793 4158 1,
808 4106 840 4167 p.
854 4083 927 4164 444.
