2842 4884
515 380 590 422 vrri
614 379 653 420 na
676 350 807 420 sruntass
908 430 916 446 .
1158 360 1197 421 ll

116 534 264 628 juvenis
284 535 357 628 jam
381 529 529 629 reliquit
549 532 719 628 patriam,
741 555 815 602 non
832 542 906 605 tam
928 555 993 602 sua
1013 528 1201 606 voluntate

119 666 231 740 quam
256 636 483 737 publicarum
508 663 632 710 rerum
648 636 868 728 rationibus,
889 649 933 708 ut
948 634 1108 728 videtur,
1126 637 1201 709 im·
1284 732 1288 741 ,

120 746 248 845 pulsus
281 756 315 817 ¹⁷.
353 746 442 816 Nam
474 769 559 818 cum
590 742 825 818 adolescentia
848 746 928 838 ejus
950 743 990 814 in
1011 769 1054 816 ea
1074 769 1200 816 rerum

122 867 281 950 tempora
306 852 511 942 incidisset,
541 851 674 949 quihus
697 850 893 950 pleraeque
918 851 1050 922 Ionum
1072 851 1202 923 civita·
1287 940 1289 945 .

120 973 195 1052 tes,
213 987 252 1032 ao
277 960 486 1058 praesertim
511 956 744 1058 Colophonii,
767 957 841 1030 tain
860 959 1070 1032 divitiarum
1085 944 1202 1030 luxu-

118 1070 171 1140 ria
187 1094 298 1167 quam
319 1067 499 1166 Lydorum
522 1066 785 1140 consuetudine
805 1068 907 1140 fracti
925 1079 963 1140 et
983 1067 1163 1163 corrupti,
1180 1091 1203 1138 a

119 1179 300 1272 majorum
317 1178 452 1254 virtute
472 1187 510 1249 et
528 1175 714 1274 disciplina
737 1202 882 1274 prorsus
904 1175 1202 1274 degenerassent,

120 1309 195 1356 non
217 1285 367 1376 mirum,
387 1282 646 1381 Xenophanem
657 1284 814 1382 perditos
828 1284 963 1358 civium
978 1307 1097 1355 mores
1112 1307 1203 1355 exo·

120 1415 203 1482 sum
226 1389 284 1462 vel
306 1404 431 1488 sponte
459 1417 524 1462 sua
560 1387 618 1466 vel
642 1391 849 1489 p1incipum
869 1390 1012 1464 invidia
1039 1400 1204 1461 coactum

120 1499 311 1572 discessisse
336 1499 370 1570 ¹⁸.
407 1499 545 1574 Deinde
579 1525 727 1599 peregre
746 1500 927 1597 profectus
959 1523 1033 1570 non
1063 1510 1204 1569 certum

120 1607 285 1680 habuisse
298 1606 454 1681 -videtur
474 1609 568 1684 vitae
594 1607 840 1697 domicilium,
867 1605 929 1680 sed
956 1606 1059 1680 variis
1081 1601 1204 1676 Grae-

121 1715 196 1788 ciae
219 1715 427 1804 civitatibus³
439 1713 697 1815 perlustrandis
717 1717 910 1788 maximam
925 1711 1049 1789 aetatis
1062 1725 1204 1812 partem

121 1823 338 1921 transegisse.
368 1823 452 1895 Erat
472 1834 594 1894 autem
614 1828 759 1918 podseos
781 1822 900 1895 studio
917 1822 1060 1896 deditus
1076 1833 1114 1893 et
1130 1844 1205 1890 non

122 1941 265 2002 tantum
296 1929 477 2004 factitabat
500 1930 675 2021 carmina,
701 1929 780 2022 sed,
808 1942 853 2001 ut
877 1929 948 2002 illis
981 1925 1206 2026 temporibus

122 2063 198 2108 mos
224 2049 322 2126 erat,
353 2039 428 2134 ipse
454 2036 711 2134 rhapsodorum
736 2029 842 2110 modo
866 2063 907 2110 ea
934 2035 1080 2136 puhlioe
1106 2034 1205 2106 reci-

122 2143 244 2235 tabat,
270 2155 314 2217 ut
337 2145 511 2242 Diogenes
537 2144 696 2217 Laertius
720 2145 808 2217 dicit
833 2173 842 2218 :
878 2149 959 2225 αὐτὸς
982 2139 1146 2243 ἐρῤαᾴῴδει
1168 2143 1207 2210 τὰ

123 2260 220 2322 ἑαυτοῦ
252 2261 287 2322 ¹⁹.
328 2251 397 2323 Cui
423 2252 540 2324 studio
562 2276 680 2350 quum
709 2252 808 2350 apud
825 2250 1002 2344 Graecos,
1028 2250 1090 2322 illa
1106 2273 1206 2346 prae·

122 2357 245 2429 sertim
267 2369 404 2450 aetate,
426 2384 546 2458 neque
564 2359 676 2430 honos
697 2385 819 2457 neque
839 2361 998 2457 praemia
1022 2358 1204 2448 deessent,

122 2463 378 2560 Xenophanem
405 2465 472 2538 hac
500 2464 670 2542 facultate
694 2479 732 2540 et
760 2468 898 2543 vietum
919 2479 958 2539 et
979 2466 1111 2537 famam
1136 2461 1205 2534 sihi

123 2595 261 2668 parasse
274 2572 458 2670 probabile
473 2587 536 2646 est.
554 2575 598 2646 In
613 2573 747 2673 quibus
763 2587 887 2648 autem
903 2573 1107 2648 civitatibus
1123 2572 1206 2644 fue·
1315 2610 1318 2617 s
1342 2546 1346 2556 ¹

123 2681 173 2750 rit
197 2693 379 2774 versatus,
403 2707 475 2754 non
504 2681 611 2780 plane
641 2682 827 2781 proditum
844 2696 908 2755 est.
925 2683 1101 2781 Diogenes
1127 2705 1207 2753 me·

124 2799 240 2858 morat
278 2813 364 2862 eum
387 2786 539 2862 Zanclae
564 2801 601 2862 et
620 2788 795 2881 Calanae,
820 2815 915 2888 quae
943 2801 1046 2862 erant
1074 2789 1207 2860 Ionum

123 2895 164 2966 in
191 2894 308 2967 Sicilia
334 2896 514 2988 coloniae,
541 2923 614 2970 esse
641 2911 913 2969 commoratum.
940 2898 977 2967 si
1003 2894 1207 2968 nonnullo-

124 3025 210 3074 rum
235 3002 350 3077 famae
377 3005 600 3077 credendum
628 3005 700 3096 sit,
728 3005 837 3077 etiam
864 3003 1014 3076 Athenis
1039 3003 1206 3078 videatur

166 3250 230 3334 (17)
251 3251 371 3332 Diogen.
390 3251 482 3312 Laert.
502 3251 566 3328 IX,
586 3250 632 3314 18.
649 3247 724 3314 οὗτος
743 3249 861 3314 {urteola
880 3263 930 3320 τῆς
945 3251 1083 3336 πατρίδος
1099 3283 1125 3312 κ.
1139 3283 1166 3315 τ.
1179 3272 1209 3314 λ.

124 3341 244 3402 verbum
266 3341 405 3404 ἐκπίπτειν
426 3341 462 3402 de
476 3347 567 3424 fugat
586 3356 634 3402 aut
653 3344 687 3404 de
708 3347 814 3404 exsilio
826 3338 892 3402 vdici
912 3345 991 3404 solet.

124 3521 140 3580 f
168 3429 230 3509 (18)
252 3431 486 3584 {ipphoniorum
522 3434 661 3494 luxuriam
692 3445 721 3494 et
748 3433 894 3494 libidinem
926 3447 1006 3494 notat
1036 3437 1067 3494 in
1097 3433 1209 3513 Elegiae

139 3541 227 3602 ragm.
319 3567 326 3581 .

168 3621 233 3702 (19)
253 3621 344 3682 Wolf.
366 3621 470 3702 proleg.
493 3621 530 3682 ad
550 3623 703 3683 Homerum
733 3645 763 3705 p.
788 3623 930 3701 XCVIII,
953 3626 989 3686 de
1008 3624 1212 3706 rhapsodorum

126 3722 187 3770 arte
206 3711 300 3772 dicit:
325 3736 341 3770 a
355 3713 410 3773 fuit
430 3712 479 3774 diu
499 3713 565 3774 haec
584 3716 666 3776 unica
686 3719 732 3778 via
751 3716 862 3799 publice
880 3715 1019 3798 prodendi
1037 3716 1162 3794 ingenii,
1178 3728 1211 3775 nt

126 3801 211 3860 etiam
237 3801 442 3884 Xenophanem
476 3809 605 3886 poemata
629 3828 678 3866 sua
702 3809 794 3889 ipsum
814 3805 989 3889 §adulam
1017 3805 1157 3884 legamus,
1190 3828 1208 3864 a

127 3889 369 3972 apudDiogenem
392 3893 425 3954 L.
445 3893 510 3971 IX,
532 3895 586 3974 18'3
607 3917 689 3976 quem
705 3897 815 3972 locum,
836 3909 867 3955 ut
888 3905 1005 3958 annotat
1016 3941 1025 3970 ,
1046 3887 1161 3955 Rossius
1178 3895 1210 3954 in

128 3981 285 4041 Commeat.
298 3983 390 4044 baert.
412 4005 470 4045 non
490 3985 587 4050 melius
609 3987 718 4068 accepit
728 4032 738 4064 ,
756 4006 840 4066 quam
855 3985 1018 4046 Feuerlinus
1037 3986 1068 4045 in
1082 3985 1158 4047 Diss.
1175 3984 1211 4047 de

127 4069 320 4156 Xenophane,
339 4095 367 4156 p.
389 4095 439 4135 ar.
