2842 4884
258 379 322 443 132
665 394 703 435 1111
726 394 919 437 1110111111

255 551 396 623 turioris
421 548 557 647 ingenii
582 558 619 619 et
637 544 841 619 eruditioris
874 544 1053 623 doctrinae
1080 546 1245 619 studium
1271 574 1336 622 re-

253 656 398 748 ferunt,
421 653 639 752 agnoscimus
658 664 779 722 tamen
792 652 831 720 in
842 652 886 721 iis
898 650 1071 724 Eleatieae
1088 652 1335 751 philosophiae

254 763 417 853 semina,
448 760 667 857 agnoscimus
696 783 816 829 unum
842 755 935 829 illud
968 771 1006 829 et
1036 785 1221 843 summum
1256 786 1334 831 om-

254 871 360 941 nium
382 893 504 939 rerum
521 866 763 964 principium:
779 877 923 935 tantum
953 867 1144 963 praecipue
1163 867 1332 960 interest,

255 974 352 1071 quod
381 972 555 1065 Eleatici,
582 973 621 1042 in
650 997 763 1043 unam
787 971 879 1042 hane
904 982 1072 1042 naturam
1099 972 1228 1043 mentis
1256 975 1334 1046 acie

255 1080 408 1171 intenti,
442 1091 680 1177 praeteream
703 1102 776 1148 esse
804 1074 896 1147 nihil
921 1091 1165 1167 censuerunt3
1186 1076 1241 1148 illi
1266 1104 1333 1150 au-

255 1195 329 1255 tem
352 1211 437 1257 cum
457 1184 585 1269 divinis
606 1183 763 1254 humana
789 1186 1068 1280 conjungentes,
1094 1182 1198 1255 ambo
1221 1209 1334 1280 quae-

255 1289 358 1362 rendi
378 1290 496 1366 studio
516 1302 555 1362 et
576 1290 712 1361 ratione
736 1287 892 1385 amplexi
907 1303 1009 1360 sunt.

744 1588 839 1671 §ru
893 1560 900 1567 ’

302 1810 517 1906 Priusquam
536 1787 619 1881 vero
641 1804 801 1877 absoluta
820 1805 995 1877 habeatnr
1016 1806 1103 1879 haec
1118 1807 1328 1905 disputatio,

253 1915 405 1986 aliorum
436 1940 581 2012 quoque
610 1926 774 1985 veterum
807 1911 852 1984 de
877 1912 1096 2010 Xenophane
1129 1917 1329 1989 testimonia

160 2068 165 2073 ,
253 2035 290 2095 et
310 2022 443 2117 judicia
469 2019 680 2116 exponenda
697 2031 793 2090 sunt.
818 2020 985 2117 Plerique
1007 2034 1079 2092 tam
1097 2023 1236 2097 diverse
1260 2036 1329 2095 tra-

252 2128 471 2201 dideruntet
481 2126 712 2198 admiscendis
725 2126 849 2197 alienis
864 2128 1091 2223 opinionibus
1100 2130 1147 2198 ita
1160 2156 1327 2228 corrupe-

196 2247 199 2254 '
252 2247 342 2305 runt
357 2238 435 2327 ejus
454 2231 604 2329 placita,
622 2246 664 2303 ut
679 2257 820 2328 prorsus
833 2245 1004 2329 tanquam
1020 2237 1195 2306 marinum
1209 2263 1328 2333 quen-

250 2344 334 2415 dam
349 2338 531 2412 Glaucum
543 2339 591 2409 sic
609 2336 706 2408 illius
725 2338 873 2409 formam
893 2339 1167 2415 obscuraverint.
1184 2342 1329 2435 Quodn

252 2447 376 2547 primis
414 2444 499 2517 inde
537 2444 787 2540 temporibus,
822 2471 915 2542 quae
952 2446 1177 2544 Xenophanis
1222 2451 1330 2521 aetati

252 2556 413 2657 proxima
427 2553 550 2640 fuere,
568 2552 818 2649 repetendum.
834 2555 948 2651 Supra
964 2556 1036 2647 jam
1054 2555 1206 2629 vidimus
1227 2556 1329 2630 Elea-

251 2664 364 2735 ticum
407 2659 514 2735 illum
539 2658 716 2755 hospitem
741 2659 839 2754 apud
879 2659 1064 2733 Platonem
1099 2662 1328 2759 Xenophanis

252 2769 466 2843 sententiam
481 2766 615 2839 referre
630 2767 675 2838 ad
691 2791 920 2837 communem
941 2765 1039 2837 illam
1062 2766 1242 2840 Eleaticae
1260 2771 1328 2842 dis-

250 2875 406 2972 ciplinae
420 2872 626 2963 formulam,
646 2875 676 2941 ἓν
701 2884 820 2960 πάντῃ
846 2876 950 2966 cujus
974 2872 1202 2969 placitihaec
1227 2901 1327 2972 prae-

251 2983 368 3080 cipue·
388 2983 437 3056 vis
467 2993 519 3053 est
545 3007 553 3051 ι
579 2980 840 3077 Quaecumque
857 2980 993 3052 mundo
1020 3006 1216 3079 rerumque
1243 2986 1328 3056 uni-

144 3162 145 3165 ,
252 3091 418 3163 versitate
440 3088 714 3175 contineantur,
733 3114 779 3160 ‚ea
808 3088 924 3158 omnia
948 3113 1021 3160 esse
1045 3089 1326 3185 praedicantur:

252 3220 334 3292 ergo
352 3196 471 3291 ipsum
494 3190 588 3265 illud
604 3220 678 3266 esse
696 3194 769 3267 sive
793 3194 940 3265 essentia
960 3218 1023 3289 per
1047 3195 1253 3269 universam
1274 3225 1327 3272 re-

250 3326 335 3374 rum
376 3313 542 3371 naturam
572 3300 710 3370 intenta
750 3297 821 3369 sola
866 3311 1027 3370 constans
1054 3314 1129 3389 est;
1162 3302 1327 3402 singulae

251 3432 336 3482 vero
361 3431 437 3495 res,
461 3406 489 3474 si
512 3403 557 3473 ab
580 3404 646 3475 1100
672 3430 746 3475 11110
769 3405 944 3497 discedas,
972 3405 1063 3477 nihil
1088 3407 1223 3480 hahent
1239 3438 1328 3482 con-

250 3527 344 3586 stans
378 3523 443 3586 aut
463 3508 610 3596 stabile,
630 3536 703 3580 non
736 3525 845 3604 sunt,
876 3512 935 3583 sed
972 3514 1140 3585 videntur
1167 3527 1320 3588 tantum.

250 3622 326 3694 Hoc
350 3620 546 3719 placitum,
567 3621 671 3711 cujus
702 3632 826 3691 auctor
858 3623 1064 3717 praesertim
1097 3624 1326 3699 Parmenides

251 3728 347 3820 fuit,
373 3731 411 3800 in
439 3724 594 3799 Eleatica
619 3726 803 3824 disciplina
826 3728 1049 3800 dominatum
1072 3741 1145 3819 est;
1168 3730 1256 3803 hinc
1281 3733 1324 3804 ad

251 3831 368 3928 ipsum
393 3836 504 3929 hujus
527 3831 664 3905 scholae
692 3844 874 3904 auctorem
900 3833 1006 3933 vulgo
1034 3836 1150 3932 coepit
1173 3837 1322 3910 referri:
1414 3839 1415 3850 ’

250 3938 428 4011 immerito
458 3968 465 4010 :
491 3964 647 4037 namque
671 3950 707 4010 et
730 3940 942 4035 scriptorum
967 3943 1166 4015 testimonia
1192 3942 1323 4016 docent

251 4055 289 4113 ct
318 4046 404 4115 ratio
433 4048 579 4143 prohat,
610 4046 865 4144 Xenophanem
892 4053 922 4117 τὸ
945 4048 978 4119 ὂν
1007 4072 1080 4119 11011
1109 4050 1229 4147 ipsum
1258 4076 1321 4149 per
1414 4105 1415 4128 1
