2842 4884
70 451 1144 480 ΜΜΜΜΜΜΜΜΜΜΜΜΜΜΜΜΜΜΜΜῊΜΜΜ

123 767 193 894 nn
229 816 599 892 xsrrorums
631 819 795 911 vrrs,
833 821 1080 910 maun,

487 979 717 1055 annuns.

556 1281 635 1364 §a

109 1481 337 1554 Xnuonurues
368 1483 618 1574 Colophonius,
650 1478 787 1577 patriae
813 1501 926 1574 quam
949 1479 1059 1575 patris
1083 1504 1145 1552 no·

66 1588 155 1661 mine
178 1585 352 1660 illustrior
379 1613 387 1658 :
418 1597 557 1682 patrem
583 1588 663 1680 ejus
689 1581 751 1655 alii
776 1577 969 1681 Ὀρθομέοως
997 1589 1145 1662 nomine

67 1695 279 1793 appellatum
303 1719 376 1768 esse
399 1693 569 1782 tradunt,
599 1703 642 1764 ut
665 1688 928 1789 Apollodorus,
956 1692 1017 1765 alii
1038 1700 1141 1781 Δεξιόν

67 1800 118 1873 vel
147 1807 261 1886 Δέξιοον
285 1826 371 1873 eum
395 1800 584 1870 nominant
598 1813 618 1868 ¹.
646 1796 750 1891 Quae
776 1797 1011 1895 discrepantia
1034 1804 1143 1898 possit

67 1907 143 1981 inde
167 1921 242 1980 orta
268 1908 401 1995 videri,
422 1904 520 2004 quod
551 1902 643 1976 alius
669 1929 817 2002 quoque
836 1917 1058 1978 memoratur
1082 1915 1147 1983 Xa-

68 2022 233 2108 noplsonoo
268 2016 443 2099 Lesbius,
478 2017 581 2111 poeta
620 2010 825 2096 iambicus,
867 2012 965 2108 apud
996 2012 1145 2114 Diogen.

67 2118 171 2194 baert.
194 2122 258 2193 IX.
284 2132 367 2193 sect.
393 2145 450 2206 ao.
477 2132 568 2192 extr.
596 2143 756 2218 quorum
780 2118 974 2217 utriusque
998 2125 1145 2196 nomina

72 2239 103 2298 et
122 2254 236 2326 genus
259 2228 403 2300 fortasse
429 2225 669 2298 confuderint.
700 2225 930 2323 Quamquam
961 2225 998 2299 id
1026 2229 1149 2304 incer-

69 2343 163 2424 tum,
193 2347 233 2408 et
259 2359 390 2431 parum
413 2334 501 2405 scire
524 2333 695 2421 interest,
724 2356 841 2429 quum
865 2330 910 2404 de
935 2344 1039 2430 patre
1065 2339 1146 2432 ejus

70 2439 152 2511 nihil
169 2442 364 2514 memoriae
382 2440 427 2511 sit
449 2438 644 2538 proditum.
670 2437 787 2509 Patria
804 2450 928 2509 autem
954 2445 1120 2535 Colophon
1131 2495 1148 2530 ‚

71 2545 192 2621 Ionum
219 2550 259 2620 in
282 2543 364 2620 Asia
390 2548 535 2638 civitas,
558 2571 631 2616 non
662 2546 784 2618 minus
807 2546 990 2643 quondam
1011 2549 1151 2622 divitia·

71 2675 146 2724 rum
169 2655 263 2728 luxu
294 2667 330 2727 et
359 2655 517 2751 potentia
546 2652 618 2724 fuit
640 2651 788 2750 insignis
816 2676 927 2749 quam
958 2658 1150 2748 poetarum

72 2759 212 2859 ingeniis
231 2763 374 2835 etfama
391 2759 538 2853 nobilis3
555 2784 714 2855 quorum
731 2758 940 2829 memoriam
953 2759 1146 2856 Nicander,

72 2864 303 2966 Colophonius
332 2869 428 2940 idem
455 2879 492 2938 et
520 2871 624 2964 poeta
654 2864 798 2955 clarus,
829 2865 960 2961 scripto
992 2868 1151 2964 quodam

73 2973 258 3048 celebrasse
276 2986 496 3048 memoratur
515 2999 523 3043 ε
542 2973 674 3044 horum
700 2997 787 3069 prae
806 2971 954 3044 caeteris
974 2978 1151 3049 Mimner-

77 3107 148 3154 nns
159 3138 173 3171 ‚
202 3083 401 3184 elegiarum
420 3087 543 3180 poeta,
563 3093 601 3152 et
631 3083 858 3174 Xenophanes
883 3079 1019 3179 ingenii
1043 3082 1152 3161 laude

74 3185 263 3264 eluxerunt
276 3203 297 3260 ².

35 3483 46 3504 ο
110 3443 151 3524 (ι)
170 3447 289 3527 Diogen.
314 3446 407 3505 baert.
428 3443 484 3505 IX·
508 3443 554 3504 18.
580 3443 725 3519 Ξενοφάνης
754 3448 867 3520 orgeio,
893 3442 930 3518 οἳ,
957 3445 990 3504 οἷς
1013 3445 1154 3508 Ἀπολλο-

77 3529 173 3614 ἔονρος,
196 3533 400 3619 Ὀρθομένους,
421 3531 598 3609 Κολοφῶνος.
624 3537 693 3595 Cum
715 3534 886 3616 Apollodoro
906 3537 1014 3597 faciunt
1034 3537 1155 3616 pseudo-

75 3623 199 3705 Origencs
216 3642 245 3688 et
264 3626 482 3702 Theodoretus;
502 3626 641 3686 Lucianus
660 3627 689 3684 in
708 3627 856 3687 macrobiis
872 3638 943 3690 sect.
959 3647 1007 3686 20.
1029 3627 1082 3704 (T.
1099 3629 1153 3688 111.

76 3735 103 3794 p.
112 3736 177 3778 aaa.
188 3718 366 3797 Hemsterb.)
380 3714 483 3792 Δεξίνου
497 3713 547 3778 olio
559 3738 621 3776 cum
632 3716 766 3797 appellat.
779 3718 908 3780 Civitatis
920 3740 1024 3778 nomeu
1039 3716 1052 3774 i
1069 3733 1154 3780 xeno-

59 3807 163 3880 «oo'nos
182 3810 271 3890 ipsius
294 3807 584 3888 nomini‘plerumque
604 3805 722 3888 adjungi
741 3809 832 3881 solet,
857 3810 892 3868 ab
915 3809 1081 3882 Aristotele,
1105 3811 1154 3870 Ci-

79 3915 185 3972 cemne,
203 3897 365 3969 Plutarcho,
385 3898 526 3957 Clemente
540 3899 618 3957 Alex.
634 3898 748 3969 ceteris,
764 3919 831 3975 quos
847 3899 904 3957 sois
915 3898 983 3957 locis
998 3900 1154 3961 citabimus.

114 3985 154 4067 (a)
173 3986 310 4046 Nicandri
339 3987 412 4046 liber
442 3984 500 4068 napi
527 3997 577 4046 οόν
604 3991 637 4048 ν’»
660 3998 818 4064 Κολοφὸνος
843 3997 960 4054 nitardo
985 3990 1086 4048 citatur
1117 3989 1154 4048 ab

79 4071 159 4150 ipsius
179 4076 325 4136 scholiaste
345 4074 383 4135 ad
406 4075 536 4137 Theriac.
556 4097 585 4140 v.
609 4080 637 4138 3.
659 4077 696 4137 of.
719 4077 919 4158 Schellenberg
938 4077 974 4138 de
995 4077 1156 4140 Antimacbi

39 4209 40 4216 ,
80 4161 240 4245 Colophonii
259 4165 319 4226 rcll.
342 4187 372 4247 p.
391 4186 420 4244 7.
457 4182 461 4192 '
1000 4184 1003 4190 '

170 4263 200 4332 I.
989 4289 1003 4333 1
