2842 4884
229 368 276 434 42
678 389 873 434 xmornuus

280 561 328 612 vs,
361 563 390 608 1.
414 531 495 608 'All'
522 545 596 606 εῗτοι.
621 535 799 610 Eusebius
825 535 951 609 male:
978 531 1045 608 ἀλλ’
1069 547 1094 609 εἰ
1110 558 1214 636 χεῖρας
1229 541 1309 633 ἕχον.

228 647 445 722 Particulam
481 641 511 742 γ’
544 648 650 719 metri
676 647 789 745 gratia
819 646 969 720 inseruit
999 647 1212 746 Stephanus.
1242 648 1313 722 Pro

229 761 262 836 ἠὲ
284 759 392 836 λέοντες
405 753 656 864 xTheodoretus
681 753 700 836 ἢ
721 757 891 852 elipeum,
919 753 1160 855 quodminus
1184 755 1312 856 proba-

228 861 302 936 bile
333 875 395 935 est.

278 996 328 1045 vs.
358 996 391 1040 2.
421 975 532 1066 γράψαι
558 1011 606 1024 -
631 971 735 1038 τελεῖν.
760 965 934 1051 Infinitivi
960 967 1122 1065 pendent
1142 967 1187 1041 ah
1209 967 1312 1064 εἶχον,

194 1158 198 1166 ,
228 1089 367 1150 mutata
390 1077 555 1152 orationis
571 1086 751 1150 structura
766 1100 775 1146 t
789 1073 954 1150 similiter
968 1076 1008 1148 in
1032 1075 1166 1175 elegiae
1185 1077 1312 1176 fragm.

230 1183 335 1277 XIX,
365 1181 407 1257 15
434 1208 484 1282 sq·
507 1177 563 1258 οὔτ’
593 1191 619 1258 εἰ
638 1187 748 1264 πύκτης
767 1188 882 1279 ἀγαθὸς
904 1224 954 1238 ·-
977 1175 1036 1255 ὥτ’
1057 1192 1082 1254 εἰ
1103 1189 1314 1274 πενταθλεῖν,

230 1315 362 1388 nempe
390 1296 517 1386 ἀγαθός.

278 1424 327 1471 vs·
356 1397 389 1468 3.
417 1407 472 1468 καί
495 1424 529 1466 νε
552 1393 708 1496 Sylburg
729 1395 769 1470 in
786 1393 1034 1489 Theodoret03
1064 1397 1176 1472 celeri
1195 1408 1252 1470 καί
1266 1426 1311 1470 τε.

226 1506 295 1578 Pro
318 1515 443 1600 σώματα
467 1503 646 1578 Eusebius
669 1502 764 1578 male
789 1499 877 1600 legit
898 1504 1033 1597 copam

276 1643 326 1694 rs.
354 1615 389 1708 4.
415 1621 465 1686 καὶ
490 1614 655 1686 necotha
678 1613 860 1686 recretis.
885 1612 993 1686 Paris.
1027 1625 1063 1686 et
1084 1613 1316 1712 Stephanus;

226 1722 371 1822 vulgata
397 1721 504 1794 lectio
530 1731 583 1792 est
606 1716 718 1810 κᾴντοί,
744 1744 810 1818 pro
833 1745 907 1818 quo
923 1732 1021 1793 certe
1040 1715 1072 1789 κ’
1094 1726 1172 1791 αὐτοὶ
1190 1721 1315 1795 fuerat

226 1832 477 1924 scribendum,
499 1842 544 1903 ut
567 1829 649 1903 fecit
670 1830 843 1923 Brandis3
863 1841 1077 1902 nontamen
1100 1829 1316 1905 elidendum

226 1953 280 2016 est
302 1950 376 2033 nat,
404 1940 465 2012 sed
492 1964 558 2036 per
577 1938 753 2037 synizesin
774 1963 859 2011 cum
875 1939 1042 2036 sequenti
1067 1940 1147 2009 αὐτοὶ
1160 1939 1315 2012 confun-

94 2075 98 2082 ’
173 2129 175 2136 ,
226 2051 400 2126 dandum.
427 2049 467 2120 cf
483 2048 576 2119 infra
601 2047 646 2119 ad
671 2047 796 2146 fragm.
825 2046 915 2138 XX,
946 2044 980 2118 5.
1009 2047 1316 2121 Emendationem

226 2170 384 2231 nostram
412 2157 518 2242 ἔκνςον
547 2155 674 2228 suadet
701 2156 810 2227 etiam
840 2179 1039 2252 pronomen
1060 2158 1111 2227 οἷον
1128 2158 1168 2227 in
1190 2157 1316 2255 singu-

226 2265 295 2340 lari
318 2291 472 2341 numero
498 2265 683 2366 positum:
704 2261 866 2362 alioquin
891 2276 1098 2364 oportuerat
1123 2267 1243 2366 potius
1267 2269 1316 2338 οἷα

226 2372 355 2465 scribi,
380 2371 478 2471 quod
501 2397 576 2442 non
599 2371 684 2442 sinit
704 2384 877 2444 metrum.
1014 2369 1022 2384 ⁸

275 2507 325 2556 vs.
354 2478 388 2551 5.
415 2490 518 2572 ὁμοῖον.
540 2479 727 2551 Possemus
759 2477 868 2550 etiam
892 2487 976 2571 ὁμοῖα
999 2477 1176 2570 scribere,
1212 2479 1316 2577 quod

225 2613 429 2690 congruum
455 2597 545 2659 esset
571 2586 800 2683 praecedenti
815 2580 938 2657 τοιαῦθ’.
958 2585 1124 2660 Clemens
1140 2599 1177 2660 et
1199 2588 1313 2661 Euse-

225 2697 308 2771 bius
338 2707 433 2791 ὸμνῖοι.
462 2695 703 2768 Theodoretus
729 2705 835 2788 ὁμοίας.

272 2840 409 2916 Festive
437 2837 682 2938 Xenophanes
708 2837 764 2908 his
790 2835 951 2912 versibus
977 2837 1091 2933 carpit
1118 2835 1312 2936 vulgarem

223 2946 415 3019 hominum
442 2946 675 3042 opinionem,
708 2969 781 3042 qua
811 2944 903 3016 Deos
931 2943 1118 3016 finxerunt
1150 2943 1313 3018 humana

224 3053 338 3125 forma
364 3052 567 3149 praeditos3
591 3053 699 3145 cujus
725 3051 778 3122 rei
797 3051 973 3122 rationem
990 3051 1139 3146 positam
1165 3075 1239 3122 esse
1257 3053 1314 3126 vi·
1413 3102 1414 3105 =

225 3158 347 3230 disin
377 3171 530 3232 naturae
559 3183 690 3248 sensu,
721 3181 797 3253 quo
826 3155 1119 3252 unumquodque
1148 3157 1315 3232 animans
1413 3172 1414 3191 ¹

225 3289 334 3338 suum
359 3289 473 3361 genus
487 3264 642 3336 maxime
658 3262 890 3359 amplectitur
909 3274 947 3336 et
969 3261 1233 3359 pulcerrimum
1248 3269 1313 3360 ju·
1413 3308 1415 3371 ss

227 3371 333 3446 dicat:
351 3369 405 3444 lta
424 3370 661 3469 Epicharmus
679 3369 779 3468 apud
796 3369 994 3468 Diogenem
1009 3371 1049 3442 L.
1071 3371 1151 3465 111,
1175 3371 1220 3444 16
1235 3375 1311 3446 ait:
1413 3432 1415 3445 ,

372 3517 503 3588 ἁνδάνειν
530 3517 655 3586 αὐτοῖσιν
679 3519 778 3595 αὐτοὺς
806 3521 859 3585 καί
880 3518 972 3586 δοκεῖν

323 3629 420 3704 καλῶς
442 3631 611 3722 πεφυκέναι·
639 3628 768 3720 καὶγὰρ
790 3634 810 3694 ἁ
830 3630 906 3694 κύων
923 3630 984 3693 κννὶ

324 3734 463 3814 sallem
480 3727 557 3823 εἶμεν
583 3737 736 3828 φαίνεται,
761 3736 811 3800 καὶ
831 3733 899 3818 βοῦς
923 3733 987 3822 βοῒ,

259 3916 261 3919 .
322 3840 383 3919 ὅνος
405 3834 432 3912 ὅ
451 3840 509 3935 ὄνῳ
526 3844 689 3929 collirem,
715 3834 793 3918 ὅςᾶ
816 3847 853 3912 ν“ΐ.’

224 3992 458 4090 Xenophanis
475 3993 567 4068 dicta
592 3992 776 4070 illustrant
797 3994 991 4092 praecipue
1016 3993 1105 4068 haec
1130 3993 1311 4066 Ciceronis

207 4099 348 4194 rerba,
362 4100 440 4174 Nat.
468 4101 572 4175 Deor.
590 4101 625 4196 I,
647 4126 717 4202 27,
735 4127 830 4202 quae
855 4127 901 4176 ex
923 4101 996 4178 illis
1011 4127 1127 4202 paene
1142 4127 1308 4202 expressa
