2842 4884
249 409 296 474 66
694 428 894 471 nnorusrus

248 583 285 654 h.
300 579 324 652 l.
350 581 536 653 libidinum
554 584 733 650 insanium
757 578 832 652 sive
859 581 1063 651 dementium
1087 591 1198 651 notat.
1222 583 1339 677 ὶγδσσ

248 703 372 764 autem
391 686 537 762 luxuria
551 685 734 783 quondam
751 686 903 784 insignes
932 687 1040 758 fuisse
1063 699 1241 760 testantur
1263 695 1338 762 He-

247 796 323 868 rod.
348 794 382 886 1,
407 791 468 892 94.
494 791 703 863 Athenaeus
726 791 817 882 XII,
843 819 879 890 p.
907 791 995 885 515,
1018 794 1060 864 E.

296 968 345 1016 vs.
370 967 404 1013 a.
418 937 493 1023 ἦσαν
505 941 575 1012 ἄνευ
597 960 731 1038 ςνγερης.
753 942 807 1014 Ita
825 941 981 1014 Dindorf
1002 942 1167 1015 codicum
1179 944 1339 1043 vestigiis

245 1051 379 1124 ductus
403 1049 541 1148 scripsit
566 1074 630 1146 pro
655 1048 754 1148 vulg.
780 1048 856 1132 ἦσαν
879 1057 927 1122 ἐπὶ
948 1070 1080 1148 φγερης.
1106 1051 1204 1124 Dum
1226 1050 1338 1124 liberi

291 1851 342 1902 vs.
358 1825 392 1896 3.
417 1829 619 1923 παναλουργέα
632 1865 681 1880 -···
693 1834 828 1919 χαίτῃσιν
839 1827 1041 1920 ἀγαλλόμενοι.
1056 1825 1244 1922 Purpurea
1257 1848 1335 1898 ves·
1419 1841 1420 1901 l

244 1157 365 1230 adhuc
382 1168 498 1230 essent
515 1153 744 1253 Colophonii,
762 1154 957 1230 luxuriosis
979 1157 1033 1228 his
1050 1157 1210 1231 moribus
1229 1159 1338 1231 fracti

244 1276 358 1356 sunt,
382 1288 498 1361 eaque
528 1263 600 1334 fuit
625 1288 731 1336 causa
767 1276 811 1337 ut
848 1289 931 1336 mox
956 1263 1161 1337 libertatem
1200 1267 1336 1338 amise-

244 1372 329 1443 rint.
357 1369 531 1468 Diogenes
556 1368 679 1468 Babyl.
704 1371 803 1468 apud
826 1372 957 1444 Athen.
983 1371 1020 1443 h.
1044 1370 1069 1444 l.
1096 1373 1144 1442 διὰ
1166 1383 1217 1458 τὴν
1240 1380 1336 1444 ταιαὺ·

243 1507 295 1562 την
330 1487 446 1573 ἀγωγὴν
481 1487 511 1549 ἐν
534 1477 681 1574 τυραννίδι
706 1485 757 1548 καί
782 1490 905 1552 στάσεσι
935 1489 1078 1575 γενόμεναι
1108 1480 1183 1575 αὐτῇ
1213 1483 1336 1579 πατρίδι

243 1588 458 1685 διεφθάρησαν.
489 1575 560 1658 P‘ro
589 1596 738 1682 τυραννίης
767 1588 907 1660 correxi
935 1596 1123 1682 τυραννείηςξ
1154 1598 1201 1659 ut
1223 1618 1336 1685 πρυμη

241 1698 326 1775 θείην
351 1691 475 1790 fragm.
502 1690 600 1763 XXI.
634 1703 724 1764 extr.

184 1931 187 1940 '
242 1936 303 2025 tis,
317 1933 425 2005 comti
436 1931 556 2030 capilli
570 1931 839 2005 luxuriosorum
850 1930 1101 2005 habebantur:
1117 1932 1161 2003 cf.
1177 1955 1272 2029 quae
1284 1929 1334 2003 de

242 2039 413 2138 Sybaritis
423 2037 508 2110 dicit
521 2039 684 2110 Timaeus
697 2037 795 2134 apud
806 2038 1036 2111 Athenaeum
1050 2039 1129 2129 XII,
1140 2065 1174 2136 p.
1190 2036 1276 2109 522.
1285 2039 1332 2110 A.

241 2157 280 2218 et
305 2145 350 2218 de
375 2143 655 2217 Atheniensium
682 2144 776 2216 luxu
805 2144 1010 2218 Heraclides
1036 2145 1143 2218 Pont.
1169 2143 1257 2218 ibid.
1293 2171 1331 2243 p.

244 2251 335 2343 512,
364 2252 403 2322 B.
430 2263 466 2324 et
492 2250 591 2349 apud
606 2249 756 2323 Aeliam
773 2251 817 2323 V.
843 2251 888 2321 H.
912 2251 984 2344 lv,
1009 2277 1067 2322 22.

199 2433 201 2438 '
291 2435 340 2483 vs.
366 2408 400 2501 4.
427 2412 527 2500 χίλιαι.
548 2405 759 2504 Athenaeus
775 2405 812 2481 h.
835 2408 860 2480 l.
890 2411 1053 2501 Θεόπομπος
1076 2401 1153 2479 δ’ἔν
1175 2437 1332 2482 πεντεκαι-

240 2515 347 2609 δεκάτη
370 2526 483 2611 ἰςσριῶυ
506 2515 614 2607 χιλίους
638 2523 720 2612 φησίν
744 2513 857 2612 σ’ίνδρας
880 2519 972 2585 αὐτῶν
997 2519 1144 2612 ἁλσνργεῖς
1167 2529 1332 2615 ρωρσῦυτας

239 2626 346 2702 στίλας
359 2624 522 2706 ἀςνπνλεῖν.
539 2620 638 2718 quod
654 2621 905 2719 Theopompus
915 2622 1059 2693 fortasse
1071 2648 1092 2692 a
1105 2619 1332 2721 Xenophane

239 2729 376 2801 sumsit.
409 2727 553 2800 Mirifice
583 2739 705 2800 autem
734 2727 843 2800 falsus
868 2740 920 2801 est
946 2727 1038 2800 doct.
1066 2727 1256 2821 Wichers,
1288 2731 1331 2831 ip

239 2835 458 2933 Theopompi
471 2833 594 2930 fragm.
615 2859 698 2932 129,
715 2834 907 2908 Animadv.
926 2860 960 2931 p.
977 2858 1064 2924 201,
1085 2858 1203 2932 quum
1219 2835 1330 2928 haec,

238 2966 333 3038 quae
356 2941 420 3014 ille
446 2941 491 3014 de
516 2940 744 3038 Colophoniis
768 2941 880 3031 dixit,
906 2939 951 3012 ad
975 2939 1089 3038 Lydos
1111 2941 1264 3033 retulit,
1292 2955 1332 3016 et

238 3047 458 3145 Theopompi
482 3046 576 3118 dicta
603 3072 689 3119 cum
714 3047 881 3146 Diogenis
904 3038 1092 3145 Babylonii
1114 3046 1217 3119 dictis
1241 3074 1330 3121 con-

239 3153 346 3226 fudit.
363 3165 465 3234 -ὡς
489 3163 592 3226 ἐπίπαν
605 3155 752 3250 scripsi,
779 3153 954 3226 suadente
981 3153 1300 3252 Schweigha'iusero
1317 3213 1329 3252 ,

168 3304 170 3308 .
238 3286 306 3360 pro
320 3269 359 3340 εἰς
371 3270 491 3350 ἐπίπαν,
506 3274 655 3360 propter
667 3258 797 3332 Graeci
811 3261 983 3331 sermonis
996 3262 1303 3337 consuetudinem
1318 3294 1327 3338 :

236 3366 309 3440 vid.
338 3367 549 3465 Hoogeveen
574 3369 620 3441 de
637 3368 760 3465 partic.
787 3390 819 3441 v.
849 3377 904 3457 ὡς,
919 3390 955 3462 p.
982 3363 1061 3438 580.
1091 3367 1183 3465 Lips.
1211 3372 1330 3446 Voces

237 3487 276 3554 ὡς
293 3487 330 3547 et
354 3484 393 3554 εἰς
416 3500 526 3572 quam
550 3476 675 3550 crebro
702 3483 932 3571 permutatae
953 3473 1052 3567 sint,
1077 3488 1221 3572 praeter
1237 3478 1329 3552 alios

236 3595 361 3654 monet
382 3581 591 3656 Schaeferus
608 3581 653 3654 ad
671 3579 821 3677 Gregor.
843 3577 981 3652 dialect.
1006 3606 1042 3677 p.
1068 3580 1113 3650 23
1134 3608 1185 3681 sq.
1209 3597 1247 3656 et
1262 3587 1326 3683 78.

236 3687 401 3762 Dubium
416 3715 520 3782 vero,
538 3702 666 3762 utrum
685 3699 723 3764 ὡς
739 3686 846 3756 ἐπίπαν
866 3711 950 3758 cum
977 3687 1215 3783 praecedente
1233 3695 1327 3782 χιλία

236 3795 348 3892 (mille
365 3799 523 3884 omnino)
538 3821 585 3868 an
603 3819 687 3867 cum
705 3793 872 3890 sequenti
894 3795 1032 3885 αὐχαλέοι
1051 3793 1327 3890 (utplurimum

234 3901 404 3999 superbi)
430 3904 561 3975 rectius
590 3898 818 3998 jungendum
846 3901 902 3972 sit.
937 3898 1068 3972 Herod.
1093 3902 1162 3994 VI,
1180 3901 1230 3995 46
1256 3931 1265 3976 :
1296 3914 1328 3980 τὸ

233 4016 337 4080 ι’πίπαν
361 4009 521 4104 ὃγδίνκυντα
545 4010 677 4078 τάλαντα
701 4017 811 4102 πραςήῖε
830 4034 838 4078 :
854 4008 933 4079 vll.
965 4003 1031 4109 157
1054 4033 1061 4078 :
1081 4011 1123 4104 τῷ
1142 4012 1175 4081 δὲ
1199 4007 1232 4082 εὖ
1254 4014 1326 4099 βαν

234 4117 371 4185 levesve
383 4127 533 4212 πρήγματι
547 4118 663 4196 τελευτὴ
677 4123 714 4192 ὡς
726 4121 757 4183 τὸ
775 4119 876 4187 ἐπίπαν
889 4124 990 4210 χρηςὴ
1006 4119 1104 4187 &alst
1120 4123 1323 4215 ἐπιγίνεσθαι.
