2842 4884
546 655 664 718 XXIII.

118 839 323 916 Athenaeus
332 841 912 943 XI,p.782,Casaub.(p.2r3sq.
924 843 1145 942 Schweigh.)

75 944 133 1018 ubi
148 948 331 1044 quondam
355 950 464 1021 moris
491 949 598 1022 fuisse
627 961 765 1041 narrat,
788 962 833 1022 ut
860 948 1021 1048 primum
1036 976 1146 1049 aqua,

75 1052 195 1127 deiude
218 1055 348 1128 vinum
377 1054 633 1130 infunderetur
657 1055 813 1155 poculo,
837 1069 968 1131 testem
999 1056 1147 1132 adhibet

74 1157 323 1258 Xenophanem
345 1160 385 1233 in
406 1161 474 1235 hoc
496 1187 603 1237 versu
628 1189 636 1232 z

161 1357 223 1426 aiot
245 1383 295 1426 κεν
316 1363 346 1426 ἐν
370 1358 466 1424 κύλικι
487 1364 621 1452 πρότερον
650 1365 784 1453 κεράσειέ
804 1385 847 1436 τις
867 1353 935 1428 αι’ναν

212 1467 318 1556 ἐγχέας
340 1454 403 1532 ἀλλ’
431 1462 529 1558 ὕδωρ,
552 1469 604 1532 καὶ
626 1469 806 1560 καθύπερθε
829 1469 920 1556 μέθυ.

76 1653 102 1724 Ε
124 1653 300 1732 convivali
327 1655 485 1728 camnine
512 1655 601 1730 haec
629 1655 739 1730 ducta
766 1681 840 1730 esse
870 1652 1055 1754 probabile
1083 1670 1147 1730 est.

75 1760 234 1834 Eundem
254 1771 421 1838 veterum
444 1786 583 1834 morem
596 1775 697 1835 notat
718 1763 979 1901 Theophrastrur
1000 1761 1147 1856 Votv,

76 1890 106 1963 p.
129 1866 217 1965 196,
232 1867 279 1940 ab
299 1868 487 1942 Athenaeo
509 1868 669 1941 citatus:
661 1865 833 1942 ’Ἐπεὶκαι
853 1878 891 1941 τὰ
906 1877 973 1967 περὶ
993 1879 1045 1953 τὴν
1069 1887 1148 1967 κρᾶ-

76 2005 114 2045 σιν
133 1979 268 2057 ἐναντίως
291 1974 353 2071 ειχε
376 1984 408 2048 τὸ
432 1981 554 2050 παλαιὸν
583 1979 626 2074 τῷ
648 1992 696 2050 νῦν
720 2010 781 2078 παρ
778 1975 991 2061 ΜἜλλησιν
976 1989 1145 2075 νπάρχαντι·
1198 2001 1202 2005 ·

76 2085 101 2152 αὖ
125 2093 180 2184 γὰρ
205 2093 238 2156 τὸ
257 2087 372 2183 νδωρ’
356 2093 403 2158 ern
423 2092 468 2158 τὸν
491 2085 558 2158 οἶνον
580 2095 722 2181 ἐπέχεον,
752 2082 867 2160 ἀλλ”
850 2094 895 2160 επὶ
927 2093 959 2157 τὸ
993 2087 1070 2185 νδωρ
1102 2093 1148 2159 τὸν

77 2185 145 2264 οἶνον.
164 2197 218 2263 κτλ
241 2193 343 2266 Idem
354 2191 425 2266 aho
446 2193 551 2267 modo
578 2195 751 2293 praecipit
773 2193 973 2267 Hesiodus
957 2222 1022 2291 rpy
1052 2191 1146 2293 596:

165 2397 225 2487 τρὶς
248 2383 390 2488 δ’ὕδατας
412 2399 561 2488 προχέειν,
586 2393 671 2462 τὸδὲ
695 2399 828 2490 τέτρατον
850 2398 929 2485 ἱέμεν
953 2399 1030 2463 circa.

120 2616 165 2666 vs.
193 2617 227 2667 a.
243 2603 360 2690 ἐγχέας.
378 2592 481 2667 Unus
497 2591 573 2667 cod.
590 2585 741 2688 ἐγχεέας,
763 2592 862 2667 unde
892 2594 1149 2694 schweighau-

77 2723 166 2773 serus
192 2702 347 2776 correxit
368 2708 481 2795 χεὺας,
509 2712 657 2800 propter
677 2713 848 2775 metrum.
876 2700 1038 2773 Dindorf.
1065 2701 1150 2777 vul-

78 2819 183 2904 gatam
208 2809 402 2883 lectionem
426 2807 602 2900 retinuit3
624 2809 754 2882 merito
779 2836 789 2880 ι
811 2819 928 2880 metro
950 2809 1050 2882 euim
1074 2834 1149 2880 non

78 2927 265 3013 repugnat,
282 2914 577 3013 quandoquidem
595 2913 668 3006 χέας
691 2941 756 3012 per
778 2914 953 3013 synizesin
976 2915 1016 2987 in
1038 2941 1151 2988 unam

78 3017 239 3115 syllabam
262 3022 424 3096 contrahi
452 3033 589 3121 potest,
615 3035 660 3094 ut
685 3023 727 3094 in
751 3023 896 3096 Homer.
912 3022 956 3094 ΙΙ.
987 3047 1023 3121 p.
1048 3020 1147 3095 366:

171 3193 483 3316 σὺνῑεαῖἈργείων,
510 3223 619 3292 αὐταῖσι
640 3223 672 3292 δὲ
696 3229 788 3321 picco
810 3226 946 3319 ἐνῶρσας.

78 3386 167 3464 Licet
183 3394 281 3492 apud
302 3396 501 3468 Homerum
516 3403 645 3493 σύγχεας
667 3424 741 3470 non
764 3398 996 3498 participium
1023 3398 1069 3470 sit
1088 3397 1151 3470 sed

79 3502 224 3574 secunda
247 3525 414 3602 persona,
428 3502 465 3575 id
479 3515 601 3580 tamen
628 3506 780 3578 formam
800 3532 875 3580 non
896 3517 1025 3581 mutat.
1041 3502 1152 3576 Plura

79 3651 219 3726 possunt
241 3637 369 3712 similia
393 3636 515 3712 afferri
542 3633 732 3732 exempla,
754 3643 800 3704 ut
823 3613 935 3709 Αἰῗεαῖ
952 3655 1017 3728 pro
1035 3626 1153 3708 Αἰνείας

78 3733 118 3808 ll·
144 3773 182 3837 ν,
216 3743 302 3836 541.

79 4109 188 4180 xxm.
210 4120 253 4180 Ne
270 4118 333 4198 quis
352 4119 383 4180 iu
406 4119 507 4202 poculo
525 4072 604 4204 prius
624 4119 768 4180 miscuerit
787 4119 887 4180 vinum

213 4210 356 4285 infusum,
378 4210 429 4273 red
447 4231 565 4292 aquam,
584 4212 699 4293 insuper
719 4221 812 4272 autern
829 4229 946 4271 merum.
