<?xml version="1.0" encoding="UTF-8"?>
<!DOCTYPE html PUBLIC "-//W3C//DTD XHTML 1.0 Transitional//EN"
    "http://www.w3.org/TR/xhtml1/DTD/xhtml1-transitional.dtd">
<html xmlns="http://www.w3.org/1999/xhtml" xml:lang="en" lang="en">
 <head>
  <title>
</title>
<meta http-equiv="Content-Type" content="text/html;charset=utf-8" />
  <meta name='ocr-system' content='tesseract 3.04.00' />
  <meta name='ocr-capabilities' content='ocr_page ocr_carea ocr_par ocr_line ocrx_word'/>
</head>
<body>
  <div class='ocr_page' id='page_1' title='image "./xenophaniscolop01karsgoog_0073.png"; bbox 0 0 2842 4884; ppageno 0'>
   <div class='ocr_carea' id='block_1_1' title="bbox 544 422 1177 496">
    <p class='ocr_par' dir='ltr' id='par_1_1' title="bbox 544 422 1177 496">
     <span class='ocr_line' id='line_1_1' title="bbox 544 422 1177 496; baseline 0.005 -12"><span class='ocrx_word' id='word_1_1' title='bbox 544 441 725 496; x_wconf 76' lang='lat' dir='ltr'>armonian.</span> <span class='ocrx_word' id='word_1_2' title='bbox 1131 422 1177 487; x_wconf 80' lang='lat'>37</span> 
     </span>
    </p>
   </div>
   <div class='ocr_carea' id='block_1_2' title="bbox 90 573 1176 687">
    <p class='ocr_par' dir='ltr' id='par_1_2' title="bbox 90 573 1176 687">
     <span class='ocr_line' id='line_1_2' title="bbox 90 573 1176 687; baseline 0.001 -29"><span class='ocrx_word' id='word_1_3' title='bbox 90 595 142 658; x_wconf 80' lang='grc' dir='ltr'>καὶ</span> <span class='ocrx_word' id='word_1_4' title='bbox 159 589 221 667; x_wconf 74' lang='grc' dir='ltr'>ὅλος</span> <span class='ocrx_word' id='word_1_5' title='bbox 245 601 318 680; x_wconf 76' lang='grc' dir='ltr'><em>νοῦς,</em></span> <span class='ocrx_word' id='word_1_6' title='bbox 333 591 385 681; x_wconf 77' lang='grc' dir='ltr'>οὐχ</span> <span class='ocrx_word' id='word_1_7' title='bbox 404 599 442 668; x_wconf 87' lang='grc' dir='ltr'>ὡς</span> <span class='ocrx_word' id='word_1_8' title='bbox 455 600 537 682; x_wconf 75' lang='grc' dir='ltr'><em>ἡμεῖς</em></span> <span class='ocrx_word' id='word_1_9' title='bbox 545 573 560 681; x_wconf 21' lang='lat' dir='ltr'>i,</span> <span class='ocrx_word' id='word_1_10' title='bbox 580 595 609 660; x_wconf 85' lang='grc' dir='ltr'>ἐν</span> <span class='ocrx_word' id='word_1_11' title='bbox 627 597 708 687; x_wconf 84' lang='grc' dir='ltr'><em>μέρει</em></span> <span class='ocrx_word' id='word_1_12' title='bbox 727 607 793 661; x_wconf 82' lang='grc' dir='ltr'><em>νοῶν</em></span> <span class='ocrx_word' id='word_1_13' title='bbox 813 594 866 658; x_wconf 72' lang='lat' dir='ltr'>aar*</span> <span class='ocrx_word' id='word_1_14' title='bbox 882 596 913 660; x_wconf 76' lang='grc' dir='ltr'>ἐν</span> <span class='ocrx_word' id='word_1_15' title='bbox 928 596 1011 686; x_wconf 85' lang='grc' dir='ltr'><em>μέρει</em></span> <span class='ocrx_word' id='word_1_16' title='bbox 1029 600 1070 683; x_wconf 79' lang='grc' dir='ltr'>μὴ</span> <span class='ocrx_word' id='word_1_17' title='bbox 1082 600 1176 684; x_wconf 83' lang='grc' dir='ltr'><em>γινώ-</em></span> 
     </span>
    </p>
   </div>
   <div class='ocr_carea' id='block_1_3' title="bbox 88 694 1300 796">
    <p class='ocr_par' dir='ltr' id='par_1_3' title="bbox 88 694 1300 796">
     <span class='ocr_line' id='line_1_3' title="bbox 88 694 1300 796; baseline 0.003 -30"><span class='ocrx_word' id='word_1_18' title='bbox 88 725 179 766; x_wconf 84' lang='grc' dir='ltr'><em>σκων.</em></span> <span class='ocrx_word' id='word_1_19' title='bbox 200 696 394 792; x_wconf 85' lang='lat' dir='ltr'><strong>Scriptores</strong></span> <span class='ocrx_word' id='word_1_20' title='bbox 413 694 475 765; x_wconf 91' lang='lat' dir='ltr'>hos</span> <span class='ocrx_word' id='word_1_21' title='bbox 498 695 629 794; x_wconf 88' lang='lat' dir='ltr'>partim</span> <span class='ocrx_word' id='word_1_22' title='bbox 652 699 728 790; x_wconf 85' lang='lat' dir='ltr'>jam</span> <span class='ocrx_word' id='word_1_23' title='bbox 752 694 912 767; x_wconf 87' lang='lat' dir='ltr'>laudavit</span> <span class='ocrx_word' id='word_1_24' title='bbox 934 695 1114 769; x_wconf 83' lang='lat' dir='ltr'>Fabricius</span> <span class='ocrx_word' id='word_1_25' title='bbox 1130 696 1177 770; x_wconf 88' lang='lat' dir='ltr'>ad</span> <span class='ocrx_word' id='word_1_26' title='bbox 1297 788 1300 796; x_wconf 32' lang='grc' dir='ltr'>Ι</span> 
     </span>
    </p>
   </div>
   <div class='ocr_carea' id='block_1_4' title="bbox 87 801 1177 1544">
    <p class='ocr_par' dir='ltr' id='par_1_4' title="bbox 87 801 1177 1544">
     <span class='ocr_line' id='line_1_4' title="bbox 89 801 1177 903; baseline 0.003 -30"><span class='ocrx_word' id='word_1_27' title='bbox 89 805 187 876; x_wconf 83' lang='lat' dir='ltr'><strong>Sext.</strong></span> <span class='ocrx_word' id='word_1_28' title='bbox 215 804 317 900; x_wconf 89' lang='lat' dir='ltr'>Emp.</span> <span class='ocrx_word' id='word_1_29' title='bbox 344 830 378 901; x_wconf 88' lang='lat' dir='ltr'>p.</span> <span class='ocrx_word' id='word_1_30' title='bbox 405 801 488 894; x_wconf 65' lang='lat'><strong>584.</strong></span> <span class='ocrx_word' id='word_1_31' title='bbox 512 803 715 897; x_wconf 84' lang='lat' dir='ltr'>Quominus</span> <span class='ocrx_word' id='word_1_32' title='bbox 737 829 821 879; x_wconf 88' lang='lat' dir='ltr'>vero</span> <span class='ocrx_word' id='word_1_33' title='bbox 844 805 925 903; x_wconf 89' lang='lat' dir='ltr'>quis</span> <span class='ocrx_word' id='word_1_34' title='bbox 946 815 1074 902; x_wconf 77' lang='lat' dir='ltr'>putet,</span> <span class='ocrx_word' id='word_1_35' title='bbox 1090 831 1177 882; x_wconf 85' lang='lat' dir='ltr'>ver-</span> 
     </span>
     <span class='ocr_line' id='line_1_5' title="bbox 88 909 1175 1010; baseline 0.001 -29"><span class='ocrx_word' id='word_1_36' title='bbox 88 936 172 981; x_wconf 90' lang='lat' dir='ltr'>sum</span> <span class='ocrx_word' id='word_1_37' title='bbox 196 909 295 981; x_wconf 88' lang='lat' dir='ltr'>hunc</span> <span class='ocrx_word' id='word_1_38' title='bbox 318 935 362 982; x_wconf 81' lang='lat' dir='ltr'>ex</span> <span class='ocrx_word' id='word_1_39' title='bbox 390 910 529 982; x_wconf 90' lang='lat' dir='ltr'>serioris</span> <span class='ocrx_word' id='word_1_40' title='bbox 553 912 676 982; x_wconf 87' lang='lat' dir='ltr'>aetatis</span> <span class='ocrx_word' id='word_1_41' title='bbox 697 911 842 1010; x_wconf 88' lang='lat' dir='ltr'>ingenio</span> <span class='ocrx_word' id='word_1_42' title='bbox 858 936 932 984; x_wconf 87' lang='lat' dir='ltr'>esse</span> <span class='ocrx_word' id='word_1_43' title='bbox 951 911 1175 1008; x_wconf 81' lang='lat' dir='ltr'>profectum,</span> 
     </span>
     <span class='ocr_line' id='line_1_6' title="bbox 88 1015 1173 1115; baseline 0.001 -29"><span class='ocrx_word' id='word_1_44' title='bbox 88 1015 449 1088; x_wconf 89' lang='lat' dir='ltr'>animadvertendum</span> <span class='ocrx_word' id='word_1_45' title='bbox 463 1028 528 1107; x_wconf 84' lang='lat' dir='ltr'>est,</span> <span class='ocrx_word' id='word_1_46' title='bbox 544 1018 612 1088; x_wconf 89' lang='lat' dir='ltr'>tria</span> <span class='ocrx_word' id='word_1_47' title='bbox 625 1016 698 1107; x_wconf 90' lang='lat' dir='ltr'>illa,</span> <span class='ocrx_word' id='word_1_48' title='bbox 711 1042 806 1115; x_wconf 87' lang='lat' dir='ltr'>quae</span> <span class='ocrx_word' id='word_1_49' title='bbox 820 1017 879 1090; x_wconf 86' lang='lat' dir='ltr'>hic</span> <span class='ocrx_word' id='word_1_50' title='bbox 891 1028 1076 1110; x_wconf 88' lang='lat' dir='ltr'>notantur,</span> <span class='ocrx_word' id='word_1_51' title='bbox 1088 1017 1173 1114; x_wconf 75' lang='grc' dir='ltr'><em>ὁρᾷν,</em></span> 
     </span>
     <span class='ocr_line' id='line_1_7' title="bbox 88 1121 1175 1222; baseline 0.003 -30"><span class='ocrx_word' id='word_1_52' title='bbox 88 1145 162 1194; x_wconf 83' lang='grc' dir='ltr'><em>νοεῖν</em></span> <span class='ocrx_word' id='word_1_53' title='bbox 176 1179 186 1215; x_wconf 86' lang='grc'>,</span> <span class='ocrx_word' id='word_1_54' title='bbox 203 1130 331 1211; x_wconf 75' lang='grc' dir='ltr'><em>ἀκούειν,</em></span> <span class='ocrx_word' id='word_1_55' title='bbox 353 1123 450 1220; x_wconf 90' lang='lat' dir='ltr'>apud</span> <span class='ocrx_word' id='word_1_56' title='bbox 469 1136 606 1197; x_wconf 88' lang='lat' dir='ltr'>veteres</span> <span class='ocrx_word' id='word_1_57' title='bbox 620 1125 844 1222; x_wconf 91' lang='lat' dir='ltr'>potissimum</span> <span class='ocrx_word' id='word_1_58' title='bbox 857 1121 971 1196; x_wconf 86' lang='lat' dir='ltr'>solere</span> <span class='ocrx_word' id='word_1_59' title='bbox 984 1126 1175 1222; x_wconf 73' lang='lat' dir='ltr'>conjungi,</span> 
     </span>
     <span class='ocr_line' id='line_1_8' title="bbox 87 1231 1176 1330; baseline 0.001 -28"><span class='ocrx_word' id='word_1_60' title='bbox 87 1232 128 1304; x_wconf 92' lang='lat' dir='ltr'>in</span> <span class='ocrx_word' id='word_1_61' title='bbox 160 1232 294 1330; x_wconf 86' lang='lat' dir='ltr'>quibus</span> <span class='ocrx_word' id='word_1_62' title='bbox 323 1257 467 1304; x_wconf 90' lang='lat' dir='ltr'>omnem</span> <span class='ocrx_word' id='word_1_63' title='bbox 492 1231 719 1329; x_wconf 84' lang='lat' dir='ltr'>intelligendi</span> <span class='ocrx_word' id='word_1_64' title='bbox 745 1231 998 1330; x_wconf 88' lang='lat' dir='ltr'>sentiendique</span> <span class='ocrx_word' id='word_1_65' title='bbox 1024 1233 1098 1306; x_wconf 88' lang='lat' dir='ltr'>vim</span> <span class='ocrx_word' id='word_1_66' title='bbox 1122 1233 1176 1305; x_wconf 90' lang='lat' dir='ltr'>di-</span> 
     </span>
     <span class='ocr_line' id='line_1_9' title="bbox 87 1338 1173 1439; baseline -0.001 -27"><span class='ocrx_word' id='word_1_67' title='bbox 87 1339 267 1412; x_wconf 85' lang='lat' dir='ltr'>viderent.</span> <span class='ocrx_word' id='word_1_68' title='bbox 300 1338 425 1411; x_wconf 81' lang='lat' dir='ltr'>Critias</span> <span class='ocrx_word' id='word_1_69' title='bbox 444 1338 483 1410; x_wconf 92' lang='lat' dir='ltr'>in</span> <span class='ocrx_word' id='word_1_70' title='bbox 507 1339 732 1412; x_wconf 86' lang='lat' dir='ltr'>nobilissimis</span> <span class='ocrx_word' id='word_1_71' title='bbox 765 1339 926 1415; x_wconf 89' lang='lat' dir='ltr'>versibus</span> <span class='ocrx_word' id='word_1_72' title='bbox 953 1340 1051 1439; x_wconf 86' lang='lat' dir='ltr'>apud</span> <span class='ocrx_word' id='word_1_73' title='bbox 1076 1341 1173 1413; x_wconf 83' lang='lat' dir='ltr'>Sext.</span> 
     </span>
     <span class='ocr_line' id='line_1_10' title="bbox 88 1445 748 1544; baseline 0.003 -28"><span class='ocrx_word' id='word_1_74' title='bbox 88 1446 227 1544; x_wconf 84' lang='lat' dir='ltr'>Empir.</span> <span class='ocrx_word' id='word_1_75' title='bbox 256 1445 341 1539; x_wconf 81' lang='lat' dir='ltr'>lx,</span> <span class='ocrx_word' id='word_1_76' title='bbox 368 1457 452 1519; x_wconf 88' lang='lat' dir='ltr'>sect.</span> <span class='ocrx_word' id='word_1_77' title='bbox 486 1445 557 1538; x_wconf 72' lang='grc'>54,</span> <span class='ocrx_word' id='word_1_78' title='bbox 588 1471 636 1520; x_wconf 84' lang='lat' dir='ltr'>vs.</span> <span class='ocrx_word' id='word_1_79' title='bbox 673 1472 748 1544; x_wconf 75' lang='lat'>17:</span> 
     </span>
    </p>
   </div>
   <div class='ocr_carea' id='block_1_5' title="bbox 188 1611 1073 1817">
    <p class='ocr_par' dir='ltr' id='par_1_5' title="bbox 188 1611 1073 1817">
     <span class='ocr_line' id='line_1_11' title="bbox 188 1611 781 1709; baseline -0.002 -29"><span class='ocrx_word' id='word_1_80' title='bbox 188 1621 225 1688; x_wconf 87' lang='grc' dir='ltr'>ὡς</span> <span class='ocrx_word' id='word_1_81' title='bbox 249 1611 298 1694; x_wconf 76' lang='grc' dir='ltr'>ἕςι</span> <span class='ocrx_word' id='word_1_82' title='bbox 311 1612 422 1704; x_wconf 73' lang='grc' dir='ltr'><em>δαίμων</em></span> <span class='ocrx_word' id='word_1_83' title='bbox 439 1617 556 1709; x_wconf 74' lang='grc' dir='ltr'><em>ἀφθίτῳ</em></span> <span class='ocrx_word' id='word_1_84' title='bbox 575 1613 700 1680; x_wconf 74' lang='grc' dir='ltr'><em>θάλλων</em></span> <span class='ocrx_word' id='word_1_85' title='bbox 723 1612 781 1704; x_wconf 78' lang='grc' dir='ltr'>βίῳ</span> 
     </span>
     <span class='ocr_line' id='line_1_12' title="bbox 188 1711 1073 1817; baseline -0.005 -28"><span class='ocrx_word' id='word_1_86' title='bbox 188 1729 243 1813; x_wconf 79' lang='grc' dir='ltr'>νόῳ</span> <span class='ocrx_word' id='word_1_87' title='bbox 268 1714 291 1788; x_wconf 83' lang='grc' dir='ltr'>τ’</span> <span class='ocrx_word' id='word_1_88' title='bbox 317 1727 477 1794; x_wconf 76' lang='grc' dir='ltr'><em>ἀκούων</em></span> <span class='ocrx_word' id='word_1_89' title='bbox 510 1725 560 1789; x_wconf 82' lang='grc' dir='ltr'>καὶ</span> <span class='ocrx_word' id='word_1_90' title='bbox 592 1722 756 1806; x_wconf 81' lang='grc' dir='ltr'><em>βλέπων</em></span> <span class='ocrx_word' id='word_1_91' title='bbox 782 1733 938 1817; x_wconf 80' lang='grc' dir='ltr'><em>φρονῶν</em></span> <span class='ocrx_word' id='word_1_92' title='bbox 969 1711 993 1787; x_wconf 82' lang='grc' dir='ltr'>τ’</span> <span class='ocrx_word' id='word_1_93' title='bbox 1018 1726 1073 1788; x_wconf 69' lang='grc' dir='ltr'>ἀεί,</span> 
     </span>
    </p>
   </div>
   <div class='ocr_carea' id='block_1_6' title="bbox 86 1900 1176 2755">
    <p class='ocr_par' dir='ltr' id='par_1_6' title="bbox 86 1900 1176 2755">
     <span class='ocr_line' id='line_1_13' title="bbox 88 1900 1176 2003; baseline -0.003 -26"><span class='ocrx_word' id='word_1_94' title='bbox 88 1906 132 1978; x_wconf 89' lang='lat' dir='ltr'>cf.</span> <span class='ocrx_word' id='word_1_95' title='bbox 159 1904 311 1976; x_wconf 88' lang='lat' dir='ltr'>Bachius</span> <span class='ocrx_word' id='word_1_96' title='bbox 333 1903 463 1975; x_wconf 87' lang='lat' dir='ltr'>Critiae</span> <span class='ocrx_word' id='word_1_97' title='bbox 485 1905 563 2003; x_wconf 88' lang='lat' dir='ltr'>Tyr.</span> <span class='ocrx_word' id='word_1_98' title='bbox 589 1903 712 2000; x_wconf 82' lang='lat' dir='ltr'><strong>fragm.</strong></span> <span class='ocrx_word' id='word_1_99' title='bbox 741 1929 776 2000; x_wconf 84' lang='lat' dir='ltr'>p</span> <span class='ocrx_word' id='word_1_100' title='bbox 803 1900 1046 2001; x_wconf 78' lang='lat' dir='ltr'>59.·Melissus</span> <span class='ocrx_word' id='word_1_101' title='bbox 1077 1901 1176 1998; x_wconf 85' lang='lat' dir='ltr'>apud</span> 
     </span>
     <span class='ocr_line' id='line_1_14' title="bbox 86 2007 1175 2108; baseline -0.006 -26"><span class='ocrx_word' id='word_1_102' title='bbox 86 2010 288 2096; x_wconf 72' lang='lat' dir='ltr'>Eusebium</span> <span class='ocrx_word' id='word_1_103' title='bbox 318 2008 444 2107; x_wconf 86' lang='lat' dir='ltr'>Praep.</span> <span class='ocrx_word' id='word_1_104' title='bbox 476 2011 544 2081; x_wconf 88' lang='lat' dir='ltr'>Eu.</span> <span class='ocrx_word' id='word_1_105' title='bbox 571 2007 683 2102; x_wconf 84' lang='lat' dir='ltr'>XIV,</span> <span class='ocrx_word' id='word_1_106' title='bbox 716 2035 751 2108; x_wconf 89' lang='lat' dir='ltr'>p.</span> <span class='ocrx_word' id='word_1_107' title='bbox 780 2009 852 2108; x_wconf 86' lang='lat'>757</span> <span class='ocrx_word' id='word_1_108' title='bbox 882 2008 910 2081; x_wconf 85' lang='lat' dir='ltr'>C</span> <span class='ocrx_word' id='word_1_109' title='bbox 942 2035 950 2080; x_wconf 75' lang='grc' dir='ltr'><em>ε</em></span> <span class='ocrx_word' id='word_1_110' title='bbox 978 2017 1004 2078; x_wconf 84' lang='grc' dir='ltr'>εἰ</span> <span class='ocrx_word' id='word_1_111' title='bbox 1035 2015 1094 2105; x_wconf 71' lang='grc' dir='ltr'>γὰρ</span> <span class='ocrx_word' id='word_1_112' title='bbox 1125 2047 1175 2065; x_wconf 89' lang='lat'>-·-</span> 
     </span>
     <span class='ocr_line' id='line_1_15' title="bbox 88 2114 1175 2216; baseline -0.003 -28"><span class='ocrx_word' id='word_1_113' title='bbox 88 2132 174 2212; x_wconf 61' lang='lat' dir='ltr'>&gt;lpus</span> <span class='ocrx_word' id='word_1_114' title='bbox 189 2125 285 2216; x_wconf 85' lang='grc' dir='ltr'><em>ὀρθῶς</em></span> <span class='ocrx_word' id='word_1_115' title='bbox 304 2126 419 2216; x_wconf 80' lang='grc' dir='ltr'><em>ὁρέομεν</em></span> <span class='ocrx_word' id='word_1_116' title='bbox 436 2123 487 2188; x_wconf 77' lang='grc' dir='ltr'>καὶ</span> <span class='ocrx_word' id='word_1_117' title='bbox 505 2123 656 2209; x_wconf 75' lang='grc' dir='ltr'><em>ἀκούομεν,</em></span> <span class='ocrx_word' id='word_1_118' title='bbox 676 2114 748 2187; x_wconf 79' lang='grc' dir='ltr'><em>εἶναι</em></span> <span class='ocrx_word' id='word_1_119' title='bbox 768 2125 858 2214; x_wconf 80' lang='grc' dir='ltr'><em>ἐχρῆν</em></span> <span class='ocrx_word' id='word_1_120' title='bbox 875 2133 933 2189; x_wconf 81' lang='grc' dir='ltr'>πᾶν</span> <span class='ocrx_word' id='word_1_121' title='bbox 945 2121 977 2184; x_wconf 84' lang='grc' dir='ltr'>τὸ</span> <span class='ocrx_word' id='word_1_122' title='bbox 1006 2121 1047 2186; x_wconf 81' lang='grc' dir='ltr'>ἐὸν</span> <span class='ocrx_word' id='word_1_123' title='bbox 1072 2142 1175 2186; x_wconf 80' lang='grc' dir='ltr'><em>τοιιιτον</em></span> 
     </span>
     <span class='ocr_line' id='line_1_16' title="bbox 86 2221 1175 2323; baseline -0.004 -27"><span class='ocrx_word' id='word_1_124' title='bbox 86 2229 139 2296; x_wconf 80' lang='grc' dir='ltr'><em>οἷον</em></span> <span class='ocrx_word' id='word_1_125' title='bbox 166 2244 275 2322; x_wconf 89' lang='grc' dir='ltr'><em>πρῶτον</em></span> <span class='ocrx_word' id='word_1_126' title='bbox 304 2225 399 2309; x_wconf 75' lang='grc' dir='ltr'><em>ἔδοξεν</em></span> <span class='ocrx_word' id='word_1_127' title='bbox 421 2237 489 2318; x_wconf 81' lang='grc' dir='ltr'><em>ἡμῖν</em></span> <span class='ocrx_word' id='word_1_128' title='bbox 514 2221 597 2294; x_wconf 78' lang='grc' dir='ltr'><em>εἶναι·</em></span> <span class='ocrx_word' id='word_1_129' title='bbox 618 2267 667 2279; x_wconf 95' lang='lat'>·-</span> <span class='ocrx_word' id='word_1_130' title='bbox 686 2238 734 2295; x_wconf 80' lang='grc' dir='ltr'>νῦν</span> <span class='ocrx_word' id='word_1_131' title='bbox 757 2226 789 2296; x_wconf 78' lang='grc' dir='ltr'>δὲ</span> <span class='ocrx_word' id='word_1_132' title='bbox 812 2225 923 2323; x_wconf 72' lang='grc' dir='ltr'><em>ἔφαμεν</em></span> <span class='ocrx_word' id='word_1_133' title='bbox 949 2229 1046 2320; x_wconf 85' lang='grc' dir='ltr'><em>ὀρθῶς</em></span> <span class='ocrx_word' id='word_1_134' title='bbox 1076 2224 1153 2319; x_wconf 72' lang='grc' dir='ltr'>ὁρῇ</span> <span class='ocrx_word' id='word_1_135' title='bbox 1159 2252 1175 2292; x_wconf 90' lang='grc' dir='ltr'><em>ν</em></span> 
     </span>
     <span class='ocr_line' id='line_1_17' title="bbox 87 2332 1175 2424; baseline -0.002 -24"><span class='ocrx_word' id='word_1_136' title='bbox 87 2339 138 2400; x_wconf 83' lang='grc' dir='ltr'>καὶ</span> <span class='ocrx_word' id='word_1_137' title='bbox 162 2339 333 2402; x_wconf 74' lang='grc' dir='ltr'><em>ἀκούειν</em></span> <span class='ocrx_word' id='word_1_138' title='bbox 364 2339 414 2400; x_wconf 82' lang='grc' dir='ltr'>καὶ</span> <span class='ocrx_word' id='word_1_139' title='bbox 446 2341 653 2420; x_wconf 84' lang='grc' dir='ltr'><em>συνιένοιι,</em></span> <span class='ocrx_word' id='word_1_140' title='bbox 680 2333 769 2401; x_wconf 72' lang='grc' dir='ltr'><em>δοκέει</em></span> <span class='ocrx_word' id='word_1_141' title='bbox 791 2332 823 2401; x_wconf 79' lang='grc' dir='ltr'>δὲ</span> <span class='ocrx_word' id='word_1_142' title='bbox 847 2343 915 2423; x_wconf 84' lang='grc' dir='ltr'><em>ἡμῖν</em></span> <span class='ocrx_word' id='word_1_143' title='bbox 940 2335 1041 2399; x_wconf 79' lang='grc' dir='ltr'><em>καὶτὸ</em></span> <span class='ocrx_word' id='word_1_144' title='bbox 1064 2334 1175 2424; x_wconf 80' lang='grc' dir='ltr'><em>θερμὸν</em></span> 
     </span>
     <span class='ocr_line' id='line_1_18' title="bbox 87 2434 1175 2537; baseline 0.001 -29"><span class='ocrx_word' id='word_1_145' title='bbox 87 2445 197 2537; x_wconf 75' lang='grc' dir='ltr'><em>ψυχρὸν</em></span> <span class='ocrx_word' id='word_1_146' title='bbox 239 2447 377 2534; x_wconf 71' lang='grc' dir='ltr'><em>γίνεσθαι</em></span> <span class='ocrx_word' id='word_1_147' title='bbox 406 2443 473 2509; x_wconf 88' lang='grc' dir='ltr'><em>κτλ.</em></span> <span class='ocrx_word' id='word_1_148' title='bbox 507 2438 738 2512; x_wconf 89' lang='lat' dir='ltr'>Recentiores</span> <span class='ocrx_word' id='word_1_149' title='bbox 766 2450 888 2509; x_wconf 88' lang='lat' dir='ltr'>contra</span> <span class='ocrx_word' id='word_1_150' title='bbox 919 2434 1060 2536; x_wconf 83' lang='lat' dir='ltr'>singula</span> <span class='ocrx_word' id='word_1_151' title='bbox 1087 2436 1175 2508; x_wconf 87' lang='lat' dir='ltr'>haec</span> 
     </span>
     <span class='ocr_line' id='line_1_19' title="bbox 87 2543 1174 2644; baseline -0.005 -24"><span class='ocrx_word' id='word_1_152' title='bbox 87 2547 301 2644; x_wconf 82' lang='lat' dir='ltr'>explicatius</span> <span class='ocrx_word' id='word_1_153' title='bbox 314 2559 438 2620; x_wconf 90' lang='lat' dir='ltr'>notare</span> <span class='ocrx_word' id='word_1_154' title='bbox 455 2545 626 2637; x_wconf 86' lang='lat' dir='ltr'>solebant,</span> <span class='ocrx_word' id='word_1_155' title='bbox 641 2559 677 2619; x_wconf 87' lang='lat' dir='ltr'>et</span> <span class='ocrx_word' id='word_1_156' title='bbox 689 2546 897 2644; x_wconf 89' lang='lat' dir='ltr'>praesertim</span> <span class='ocrx_word' id='word_1_157' title='bbox 908 2551 938 2616; x_wconf 80' lang='grc' dir='ltr'>τὸ</span> <span class='ocrx_word' id='word_1_158' title='bbox 950 2566 1021 2615; x_wconf 78' lang='grc' dir='ltr'><em>νοεῖν</em></span> <span class='ocrx_word' id='word_1_159' title='bbox 1033 2543 1078 2615; x_wconf 87' lang='lat' dir='ltr'>ab</span> <span class='ocrx_word' id='word_1_160' title='bbox 1089 2565 1174 2616; x_wconf 87' lang='lat' dir='ltr'>ocu-</span> 
     </span>
     <span class='ocr_line' id='line_1_20' title="bbox 86 2651 1172 2755; baseline -0.004 -29"><span class='ocrx_word' id='word_1_161' title='bbox 86 2653 210 2728; x_wconf 91' lang='lat' dir='ltr'>lorum</span> <span class='ocrx_word' id='word_1_162' title='bbox 222 2655 441 2755; x_wconf 87' lang='lat' dir='ltr'>auriumque</span> <span class='ocrx_word' id='word_1_163' title='bbox 463 2655 693 2755; x_wconf 86' lang='lat' dir='ltr'>perceptione</span> <span class='ocrx_word' id='word_1_164' title='bbox 718 2653 925 2726; x_wconf 87' lang='lat' dir='ltr'>adcuratius</span> <span class='ocrx_word' id='word_1_165' title='bbox 940 2651 1172 2750; x_wconf 82' lang='lat' dir='ltr'>distinguere.</span> 
     </span>
    </p>
   </div>
   <div class='ocr_carea' id='block_1_7' title="bbox 603 2899 663 2960">
    <p class='ocr_par' dir='ltr' id='par_1_7' title="bbox 603 2899 663 2960">
     <span class='ocr_line' id='line_1_21' title="bbox 603 2899 663 2960; baseline 0 0"><span class='ocrx_word' id='word_1_166' title='bbox 603 2899 663 2960; x_wconf 91' lang='lat'><em>111.</em></span> 
     </span>
    </p>
   </div>
   <div class='ocr_carea' id='block_1_8' title="bbox 186 3084 1036 3184">
    <p class='ocr_par' dir='ltr' id='par_1_8' title="bbox 186 3084 1036 3184">
     <span class='ocr_line' id='line_1_22' title="bbox 186 3084 1036 3184; baseline -0.007 -24"><span class='ocrx_word' id='word_1_167' title='bbox 186 3084 269 3160; x_wconf 76' lang='grc' dir='ltr'>Ἀλλ’</span> <span class='ocrx_word' id='word_1_168' title='bbox 292 3095 441 3162; x_wconf 80' lang='grc' dir='ltr'><em>ἀπάνευθε</em></span> <span class='ocrx_word' id='word_1_169' title='bbox 457 3098 548 3160; x_wconf 84' lang='grc' dir='ltr'><em>πόνοιο</em></span> <span class='ocrx_word' id='word_1_170' title='bbox 566 3096 625 3157; x_wconf 78' lang='grc' dir='ltr'><em>νόον</em></span> <span class='ocrx_word' id='word_1_171' title='bbox 648 3090 727 3184; x_wconf 78' lang='grc' dir='ltr'><em>φρενὶ</em></span> <span class='ocrx_word' id='word_1_172' title='bbox 753 3094 851 3156; x_wconf 79' lang='grc' dir='ltr'><em>πάντα</em></span> <span class='ocrx_word' id='word_1_173' title='bbox 876 3085 1036 3182; x_wconf 72' lang='grc' dir='ltr'><em>κραδαίνει.</em></span> 
     </span>
    </p>
   </div>
   <div class='ocr_carea' id='block_1_9' title="bbox 87 3301 1175 3946">
    <p class='ocr_par' dir='ltr' id='par_1_9' title="bbox 87 3301 1175 3946">
     <span class='ocr_line' id='line_1_23' title="bbox 87 3301 1173 3403; baseline -0.013 -17"><span class='ocrx_word' id='word_1_174' title='bbox 87 3315 244 3386; x_wconf 87' lang='lat' dir='ltr'>Versum</span> <span class='ocrx_word' id='word_1_175' title='bbox 283 3312 383 3384; x_wconf 91' lang='lat' dir='ltr'>hunc</span> <span class='ocrx_word' id='word_1_176' title='bbox 419 3309 544 3382; x_wconf 84' lang='lat' dir='ltr'>laudat</span> <span class='ocrx_word' id='word_1_177' title='bbox 583 3304 789 3403; x_wconf 89' lang='lat' dir='ltr'>Simplicius</span> <span class='ocrx_word' id='word_1_178' title='bbox 821 3304 862 3373; x_wconf 91' lang='lat' dir='ltr'>in</span> <span class='ocrx_word' id='word_1_179' title='bbox 895 3301 1044 3374; x_wconf 77' lang='lat' dir='ltr'>Aristot..</span> <span class='ocrx_word' id='word_1_180' title='bbox 1069 3301 1173 3401; x_wconf 88' lang='lat' dir='ltr'>Phys.</span> 
     </span>
     <span class='ocr_line' id='line_1_24' title="bbox 88 3408 1175 3515; baseline -0.011 -24"><span class='ocrx_word' id='word_1_181' title='bbox 88 3421 125 3492; x_wconf 86' lang='lat' dir='ltr'>f.¹</span> <span class='ocrx_word' id='word_1_182' title='bbox 140 3420 176 3491; x_wconf 88' lang='lat'>6.</span> <span class='ocrx_word' id='word_1_183' title='bbox 203 3423 308 3515; x_wconf 85' lang='lat' dir='ltr'>cujus</span> <span class='ocrx_word' id='word_1_184' title='bbox 336 3417 583 3492; x_wconf 89' lang='lat' dir='ltr'>testimonium</span> <span class='ocrx_word' id='word_1_185' title='bbox 609 3412 743 3486; x_wconf 89' lang='lat' dir='ltr'>multos</span> <span class='ocrx_word' id='word_1_186' title='bbox 770 3411 887 3509; x_wconf 82' lang='lat' dir='ltr'>fugit,</span> <span class='ocrx_word' id='word_1_187' title='bbox 918 3421 1061 3505; x_wconf 87' lang='lat' dir='ltr'>praeter</span> <span class='ocrx_word' id='word_1_188' title='bbox 1090 3408 1175 3497; x_wconf 85' lang='lat' dir='ltr'>alios</span> 
     </span>
     <span class='ocr_line' id='line_1_25' title="bbox 88 3514 1174 3619; baseline -0.013 -19"><span class='ocrx_word' id='word_1_189' title='bbox 88 3528 325 3601; x_wconf 84' lang='lat' dir='ltr'>Moshemium</span> <span class='ocrx_word' id='word_1_190' title='bbox 340 3526 383 3597; x_wconf 88' lang='lat' dir='ltr'>ad</span> <span class='ocrx_word' id='word_1_191' title='bbox 395 3523 607 3599; x_wconf 85' lang='lat' dir='ltr'>Cudwortbi</span> <span class='ocrx_word' id='word_1_192' title='bbox 619 3523 708 3619; x_wconf 85' lang='lat' dir='ltr'>Syst.</span> <span class='ocrx_word' id='word_1_193' title='bbox 723 3517 902 3591; x_wconf 88' lang='lat' dir='ltr'>Intellect.</span> <span class='ocrx_word' id='word_1_194' title='bbox 920 3517 957 3586; x_wconf 84' lang='grc' dir='ltr'>Τ.</span> <span class='ocrx_word' id='word_1_195' title='bbox 971 3516 1010 3608; x_wconf 91' lang='lat' dir='ltr'>l,</span> <span class='ocrx_word' id='word_1_196' title='bbox 1032 3541 1066 3612; x_wconf 89' lang='lat' dir='ltr'>p.</span> <span class='ocrx_word' id='word_1_197' title='bbox 1084 3514 1174 3607; x_wconf 83' lang='lat'>580,</span> 
     </span>
     <span class='ocr_line' id='line_1_26' title="bbox 89 3621 1175 3727; baseline -0.016 -19"><span class='ocrx_word' id='word_1_198' title='bbox 89 3649 127 3708; x_wconf 89' lang='lat' dir='ltr'>et</span> <span class='ocrx_word' id='word_1_199' title='bbox 155 3637 272 3706; x_wconf 85' lang='lat' dir='ltr'>Sturz.</span> <span class='ocrx_word' id='word_1_200' title='bbox 298 3632 412 3705; x_wconf 78' lang='lat' dir='ltr'>Praei.</span> <span class='ocrx_word' id='word_1_201' title='bbox 445 3631 489 3716; x_wconf 86' lang='lat' dir='ltr'>ad</span> <span class='ocrx_word' id='word_1_202' title='bbox 516 3624 724 3727; x_wconf 84' lang='lat' dir='ltr'>Empedocl.</span> <span class='ocrx_word' id='word_1_203' title='bbox 746 3652 782 3724; x_wconf 87' lang='lat' dir='ltr'>p.</span> <span class='ocrx_word' id='word_1_204' title='bbox 811 3622 1005 3712; x_wconf 82' lang='lat' dir='ltr'>XXX1113</span> <span class='ocrx_word' id='word_1_205' title='bbox 1025 3621 1175 3717; x_wconf 88' lang='lat' dir='ltr'>quidam</span> 
     </span>
     <span class='ocr_line' id='line_1_27' title="bbox 89 3729 1174 3829; baseline -0.015 -15"><span class='ocrx_word' id='word_1_206' title='bbox 89 3742 177 3814; x_wconf 91' lang='lat' dir='ltr'>salso</span> <span class='ocrx_word' id='word_1_207' title='bbox 200 3742 410 3813; x_wconf 88' lang='lat' dir='ltr'>tribuerunt</span> <span class='ocrx_word' id='word_1_208' title='bbox 438 3736 655 3810; x_wconf 84' lang='lat' dir='ltr'>Parmenidi.</span> <span class='ocrx_word' id='word_1_209' title='bbox 689 3776 739 3788; x_wconf 84' lang='lat'>-</span> <span class='ocrx_word' id='word_1_210' title='bbox 771 3742 830 3803; x_wconf 79' lang='grc' dir='ltr'><em>νέου</em></span> <span class='ocrx_word' id='word_1_211' title='bbox 858 3737 937 3829; x_wconf 81' lang='grc' dir='ltr'><em>ρρενί</em></span> <span class='ocrx_word' id='word_1_212' title='bbox 965 3729 1073 3800; x_wconf 89' lang='lat' dir='ltr'>dictio</span> <span class='ocrx_word' id='word_1_213' title='bbox 1100 3753 1174 3799; x_wconf 89' lang='lat' dir='ltr'>non</span> 
     </span>
     <span class='ocr_line' id='line_1_28' title="bbox 89 3831 1175 3946; baseline -0.012 -25"><span class='ocrx_word' id='word_1_214' title='bbox 89 3848 283 3922; x_wconf 85' lang='lat' dir='ltr'>admodum</span> <span class='ocrx_word' id='word_1_215' title='bbox 300 3847 449 3946; x_wconf 88' lang='lat' dir='ltr'>quidem</span> <span class='ocrx_word' id='word_1_216' title='bbox 467 3845 595 3918; x_wconf 87' lang='lat' dir='ltr'>usitata</span> <span class='ocrx_word' id='word_1_217' title='bbox 601 3896 616 3930; x_wconf 81' lang='grc'>,</span> <span class='ocrx_word' id='word_1_218' title='bbox 637 3867 705 3913; x_wconf 87' lang='lat' dir='ltr'>nec</span> <span class='ocrx_word' id='word_1_219' title='bbox 721 3851 842 3912; x_wconf 87' lang='lat' dir='ltr'>tamen</span> <span class='ocrx_word' id='word_1_220' title='bbox 858 3835 1037 3932; x_wconf 85' lang='lat' dir='ltr'>alinguae</span> <span class='ocrx_word' id='word_1_221' title='bbox 1056 3831 1175 3908; x_wconf 88' lang='lat' dir='ltr'>Grae-</span> 
     </span>
    </p>
   </div>
   <div class='ocr_carea' id='block_1_10' title="bbox 89 4135 1061 4236">
    <p class='ocr_par' dir='ltr' id='par_1_10' title="bbox 89 4135 1061 4236">
     <span class='ocr_line' id='line_1_29' title="bbox 89 4135 1061 4236; baseline -0.017 -27"><span class='ocrx_word' id='word_1_222' title='bbox 89 4151 147 4210; x_wconf 88' lang='lat' dir='ltr'>lll.</span> <span class='ocrx_word' id='word_1_223' title='bbox 168 4149 235 4210; x_wconf 83' lang='lat' dir='ltr'>Sine</span> <span class='ocrx_word' id='word_1_224' title='bbox 252 4150 366 4229; x_wconf 83' lang='lat' dir='ltr'>negotio</span> <span class='ocrx_word' id='word_1_225' title='bbox 385 4159 480 4209; x_wconf 84' lang='lat' dir='ltr'>mente</span> <span class='ocrx_word' id='word_1_226' title='bbox 497 4159 524 4206; x_wconf 85' lang='lat' dir='ltr'>et</span> <span class='ocrx_word' id='word_1_227' title='bbox 541 4145 711 4226; x_wconf 86' lang='lat' dir='ltr'>cogitatione</span> <span class='ocrx_word' id='word_1_228' title='bbox 731 4151 832 4201; x_wconf 83' lang='lat' dir='ltr'>cuncta</span> <span class='ocrx_word' id='word_1_229' title='bbox 851 4135 998 4218; x_wconf 79' lang='lat' dir='ltr'>gubernat.</span> <span class='ocrx_word' id='word_1_230' title='bbox 1053 4230 1061 4236; x_wconf 18' lang='lat' dir='ltr'>U</span> 
     </span>
    </p>
   </div>
   <div class='ocr_carea' id='block_1_11' title="bbox 0 0 1426 4884">
    <p class='ocr_par' dir='ltr' id='par_1_11' title="bbox 0 0 1426 4884">
     <span class='ocr_line' id='line_1_30' title="bbox 0 0 1426 4884; baseline 0 0"><span class='ocrx_word' id='word_1_231' title='bbox 0 0 1426 4884; x_wconf 95' lang='lat' dir='ltr'> </span> 
     </span>
    </p>
   </div>
  </div>
 </body>
</html>
