2842 4884
522 424 735 471 ruinosorura.
1088 407 1151 473 18³

79 570 163 659 μηδὲν
178 568 317 656 εἶναιτὴν
336 584 510 671 εἱμαρμένην
526 574 615 665 ὅλως,
629 570 698 647 ἀλλ’
712 574 784 645 εἶναι
797 584 877 647 κενὸν
893 588 968 647 τοῦτο
981 577 1112 670 τῶνομα.
1127 588 1151 628 ⁹⁷

80 674 197 763 Quam
209 678 418 753 obcaussam
428 678 1006 778 illeareteribusa'Ssorjudieatus
1016 684 1148 776 est.At,

78 780 219 876 objiciat
241 784 393 883 aliquis,
420 798 566 884 propter
589 788 656 862 boc
678 790 820 885 ipsum,
844 789 943 887 quod
965 788 1149 889 Anaxago-

77 912 127 959 ras
153 890 248 970 ἄθεος
276 892 392 966 dictus
419 907 536 985 esset,
567 894 689 968 Cicero
714 896 936 969 mentionem
963 898 1044 990 ejus
1074 922 1149 969 non

75 992 178 1090 feeit,
208 1010 245 1070 et
278 999 535 1096 Xenophanem
556 1014 731 1075 memorat
754 1012 799 1073 ut
835 1026 954 1073 unum
973 1003 1039 1101 qui
1057 1004 1149 1077 Deos

75 1126 143 1176 esse
177 1105 340 1195 diceret,
374 1107 630 1182 divinationem
667 1107 819 1181 tolleret.
851 1108 903 1177 At
936 1133 1025 1205 quos
1056 1110 1178 1209 Deos.

74 1205 161 1280 dixit
192 1211 459 1309 Xenophanes?
482 1240 555 1286 non
579 1239 637 1287 eos
664 1225 761 1286 certo
785 1236 874 1310 quos
899 1211 1031 1309 vulgus
1049 1214 1147 1317 eole-

72 1325 150 1404 ret‚
183 1317 246 1388 sed
275 1342 392 1390 unum
423 1319 541 1393 Deum
570 1320 825 1416 praestantiore
855 1330 995 1391 natura.
1026 1317 1146 1392 Talem

71 1442 152 1491 vero
178 1421 336 1497 divinam
358 1434 526 1496 naturam
546 1426 651 1495 etiam
674 1427 895 1521 Anaxagoras
917 1448 991 1495 esse
1016 1421 1146 1516 voluit,

70 1537 229 1597 mentem
255 1529 460 1625 praedicans
488 1529 597 1601 totius
624 1530 754 1602 mundi
784 1529 984 1625 prinoipem
1014 1538 1052 1600 et
1076 1552 1145 1625 gu-

15 1713 16 1726 *
69 1626 305 1705 bernatorem.
336 1632 580 1725 Quamobrem
611 1635 640 1705 si
668 1634 728 1707 hic
757 1633 848 1709 Deos
876 1657 1021 1730 negasse
1045 1631 1146 1707 dica-

68 1746 150 1830 tur,
177 1739 275 1811 idem
305 1740 350 1811 de
375 1738 438 1810 illo
461 1752 550 1813 esset
573 1739 792 1830 dicendum
819 1764 941 1835 noque
966 1762 1050 1815 vero
1073 1737 1143 1813 Xe-

67 1843 266 1939 nophanes,
286 1845 315 1915 si
325 1844 586 1920 divinationem
608 1844 816 1935 sustulisset,
839 1851 929 1917 ἀᾶέω
949 1867 1147 1941 cognomen

67 1948 171 2021 facile
185 1949 372 2048 effugisset.
397 1952 524 2050 Itaque
543 1950 726 2050 probabile
749 1963 822 2038 eat,
845 1948 1055 2026 Ciceronem
1073 1976 1143 2025 am·

68 2052 199 2129 borum
221 2056 366 2129 nomina
390 2058 485 2131 inter
509 2084 545 2131 se
572 2058 791 2147 contudisse,
820 2057 878 2130 uti
906 2054 1011 2132 modo
1036 2056 1144 2130 etiam

69 2164 104 2234 in
128 2161 262 2259 placito
281 2163 328 2235 de
350 2162 437 2237 luna
463 2164 650 2237 referendo
673 2189 760 2237 eum
781 2163 903 2241 fecere
928 2161 1082 2239 vidimus
1104 2160 1140 2232 ⁹⁸.

69 2268 279 2367 Xenophani
313 2283 409 2343 certe
428 2271 515 2345 baec
549 2272 753 2361 sententia,
788 2271 954 2368 quamvis
985 2268 1032 2343 ab
1063 2269 1142 2362 ejus

69 2388 189 2451 mente
215 2400 288 2447 non
318 2376 432 2450 aliena
461 2377 593 2465 fuerit,
617 2377 752 2451 idoneis
782 2388 906 2452 tamen
934 2374 1142 2455 testimoniis

67 2481 178 2555 tribui
202 2508 276 2553 non
301 2495 426 2580 potest.

104 2716 172 2798 (97)
193 2713 261 2776 vid.
274 2714 353 2775 Alex.
368 2712 496 2793 Aphrod.
508 2714 538 2777 ia
558 2712 674 2773 Aristar.
694 2710 730 2771 de
748 2712 801 2771 bn.
822 2711 871 2785 11,
887 2710 911 2768 f.
928 2707 993 2769 161.
1004 2708 1040 2769 ‹le
1053 2710 1138 2784 Fato,

10 2782 12 2865 l
66 2805 85 2863 l.
110 2806 167 2866 163
185 2808 216 2867 Α.
237 2805 284 2883 qui
300 2804 354 2869 looi
373 2822 467 2865 omnes
483 2802 614 2881 fugerunt
633 2802 816 2881 interpretes,
831 2799 922 2879 ipsum
940 2797 1024 2865 etiarn
1037 2796 1139 2858 Soban-

66 2895 197 2961 baohium
215 2898 246 2956 in
264 2899 443 2975 Anaxagorae
461 2895 571 2975 Fragm.
594 2891 628 2954 de
648 2892 701 2954 hoo
720 2890 900 2957 disserentem
920 2910 949 2971 p.
974 2886 1013 2953 38
1029 2909 1089 2972 sqq.
1109 2898 1138 2947 et

67 3008 93 3069 p.
119 2990 172 3053 151
196 3009 254 3067 sqq.

105 3121 172 3204 (98)
191 3118 260 3185 vid.
280 3137 363 3199 supro
380 3137 410 3197 p.
433 3136 497 3197 ¹7⁰·
517 3134 558 3195 sq.
