2842 4884
492 451 567 495 1111
591 451 630 495 11
653 451 776 497 sauma.
1133 431 1179 496 29

99 616 232 705 quanto
249 604 371 678 floruit
390 604 624 698 Plutarchus,
653 607 786 679 horum
804 606 1005 679 testimonia
1035 607 1178 706 (quan-

98 725 175 785 tum
201 713 303 787 nobis
321 713 483 809 judicare
508 714 617 812 licet)
639 714 732 786 nihil
752 715 962 806 continent,
988 716 1085 813 quod
1105 740 1178 788 non

99 844 140 890 ex
165 818 292 892 rivulis
309 822 427 917 potius
460 847 568 920 quam
588 846 631 893 ex
653 823 729 918 ipso
747 821 847 892 tonte
871 821 1023 893 ductum
1054 822 1179 896 videa-

99 937 165 996 tur.
190 926 410 999 lllanilestius
432 953 520 1003 vero
544 928 611 1001 hoc
638 940 799 1025 arguunt
814 928 962 1000 seriores
988 928 1053 1023 qui
1075 928 1120 1000 de
1136 953 1178 1000 eo

97 1045 439 1122 commemorarunt,
457 1058 616 1131 quorum
635 1034 743 1130 primi
767 1033 977 1104 nominandi
995 1047 1081 1105 sunt
1106 1035 1180 1106 Gu-

96 1143 190 1209 lanus
207 1150 245 1210 et
258 1143 381 1210 Sextus
399 1144 626 1234 Empiricos,
646 1138 737 1211 alter
754 1138 915 1212 medicus
929 1138 1026 1210 idem
1042 1152 1079 1212 et
1095 1139 1180 1238 phi-

96 1241 262 1341 losophus
292 1242 498 1334 excellens,
527 1244 618 1318 alter
647 1247 898 1344 Scepticorum
926 1246 1178 1339 doctissimus,

97 1363 249 1448 uterque
269 1351 425 1424 secundo
450 1365 528 1450 post
552 1353 737 1426 Christum
764 1351 885 1426 seculo
909 1350 1026 1425 clarus
1046 1379 1053 1423 :
1071 1349 1178 1426 Gale-

96 1484 161 1531 nus
180 1460 293 1558 igitur
312 1462 351 1532 in
368 1460 600 1559 Xenophanis
627 1460 758 1560 placito
777 1460 935 1559 quodam
958 1457 1177 1557 explorando

95 1564 332 1690 Theophrasti
338 1569 586 1640 auctoritatem
601 1568 725 1659 affert,
743 1567 842 1665 quod
858 1579 955 1639 certe
980 1592 1054 1637 non
1079 1567 1178 1638 fecis·
1268 1618 1273 1628 .

95 1685 166 1766 set,
192 1675 222 1745 si
249 1699 292 1746 ex
324 1675 435 1773 ipsius
466 1676 626 1752 versibus
654 1676 827 1773 potuisset
856 1677 936 1769 ejus
963 1668 1179 1748 sententiam

96 1805 309 1878 cognoscere.
348 1783 476 1855 Sextus
497 1795 620 1856 autern
647 1782 771 1879 plures
805 1781 1033 1879 Xenophanis
1056 1807 1179 1855 versus

96 1911 156 1984 pro
159 1888 245 1978 f,ert
259 1888 444 1961 interdum
460 1915 544 1964 vero
556 1890 621 1981 ita,
637 1901 681 1961 ut
697 1889 871 1986 significet
883 1914 919 1959 se
932 1914 973 1960 ea
990 1913 1078 2031 non6
1082 1901 1179 1961 certa

96 2007 173 2067 auct
174 1997 302 2067 oritate
329 1995 390 2068 sed
409 1994 561 2067 aliorum
580 2007 725 2076 tantum
747 1996 840 2066 fama
870 1996 1043 2092 accepisse
1066 1992 1178 2067 6’.11)

95 2100 145 2175 his
165 2129 240 2201 quo
268 2102 409 2202 longius
429 2103 560 2176 deinde
587 2104 774 2201 procedas,
790 2128 918 2176 corum
937 2103 1120 2175 ohscurior
1136 2104 1178 2174 fit

95 2209 320 2308 Xenophanis
352 2212 535 2283 memoria.
560 2209 848 2299 Neo-Platonici,
879 2211 944 2309 qui
968 2211 1064 2281 intra
1098 2221 1175 2283 ter-

94 2317 181 2389 tium
195 2331 232 2393 et
246 2318 419 2416 quintum
432 2316 595 2390 seculum
611 2331 689 2416 post
706 2318 789 2391 Chr.
809 2319 997 2409 vixerunt,
1012 2323 1177 2413 Porphy-

95 2431 168 2496 11111
183 2439 231 2499 et
255 2430 426 2514 Proetus,
454 2423 627 2523 praeclari
652 2425 836 2517 homines,
865 2423 926 2497 sed
956 2425 1179 2522 antiquitatis

94 2539 192 2604 testes
213 2556 346 2630 parum
358 2529 575 2629 locupletes,
592 2557 666 2602 non
686 2533 756 2603 nisi
769 2557 883 2629 pauca
905 2530 951 2602 de
972 2555 1014 2602 eo
1037 2555 1178 2602 memo-

93 2650 169 2708 rant
188 2663 304 2736 eaque
324 2664 453 2735 parum
469 2637 677 2712 luculenter
691 2636 733 2730 ⁶³3
751 2637 992 2734 diligentiores
1015 2635 1070 2707 his
1098 2636 1177 2711 fue-

93 2757 176 2815 runt
193 2744 429 2838 Aristotelici,
456 2745 496 2816 in
522 2745 645 2843 primis
673 2743 879 2815 Alexander
913 2741 1176 2836 Aphrodtsius,

93 2851 152 2945 qui
167 2851 274 2925 tertio
285 2852 421 2945 seculo,
436 2856 587 2924 Ioannes
594 2856 809 2944 Philoponua
825 2861 862 2920 et
872 2852 1085 2943 Simplicius,
1113 2850 1178 2947 qui

92 2969 184 3028 sexto
201 2969 280 3056 post
291 2959 473 3031 Christum
490 2971 616 3031 natum
634 2955 854 3044 floruerunt,
869 2981 1028 3053 quorum
1052 2957 1179 3030 studiis

92 3062 224 3138 multae
248 3067 377 3140 veteris
406 3065 648 3164 philosophiae
667 3075 785 3160 partes
808 3062 948 3160 egregie
979 3060 1179 3137 illustratae

91 3185 181 3243 sunt.
196 3173 400 3250 ,Alexandri
417 3184 539 3246 tamen
561 3199 633 3244 non
653 3172 722 3243 nisi
742 3173 870 3269 exigua
890 3170 935 3243 de
956 3170 1178 3269 Xenophane

91 3286 375 3356 commemoratio
388 3295 528 3358 exstata
540 3279 723 3380 Simplicio
735 3279 875 3377 prodita
889 3276 926 3374 ⁶⁴3
938 3278 1175 3378 Philoponus,

129 3518 191 3600 (62)
214 3521 315 3582 Galeni
332 3523 521 3584 testimonium
533 3545 561 3582 11
584 3523 767 3583 Commeat(
759 3542 789 3579 11
797 3521 963 3601 Hippocrat
977 3517 1013 3578 dc
1023 3519 1079 3578 Nat
1098 3517 1176 3580 hom·

95 3609 173 3690 1,1
196 3633 221 3671 1.
245 3613 321 3672 infra
338 3613 534 3695 explicabitur.
551 3614 594 3672 Da
612 3613 698 3673 Sexto
717 3610 859 3691 Empirico
880 3609 1011 3688 cognosci
1029 3619 1121 3688 potest
1140 3626 1177 3668 ex

91 3694 121 3754 111
138 3718 208 3776 quae
221 3700 258 3762 ad
277 3703 376 3782 fragm.
397 3704 478 3765 VIII.
499 3704 654 3762 afferemus.

128 3784 162 3845 ln
191 3789 235 3849 his
264 3790 432 3872 indagandis
462 3793 586 3874 praeivit
620 3793 692 3851 Clar.
722 3786 842 3849 Brandis
872 3787 1028 3847 Comment-
1055 3781 1172 3845 Eleatic.
1195 3802 1199 3808 ’

90 3891 117 3952 P
131 3895 310 4042 id3lquroclr
319 3969 508 4030 testimonium
519 3969 630 4031 modo
622 3990 678 4051 Jam
688 3967 847 4047 vidimusp
866 3964 916 4027 25.
930 3959 1079 4043 Porphyrii
1090 3961 1175 4027 verba

91 4054 226 4118 afferimus
246 4058 283 4120 ad
299 4061 398 4141 fragm.
420 4060 460 4120 X.

127 4141 191 4225 (64)
212 4147 280 4212 Vid.
298 4150 410 4232 Disput.
432 4162 557 4211 nostram
578 4149 598 4211 l.
615 4150 634 4209 l.
