2842 4884
236 373 280 436 32
378 387 384 396 '
523 391 716 436 muornsrus
739 393 813 435 vrrx
836 393 874 434 nr
897 392 1020 437 aruum.

284 550 450 650 Denique
479 551 664 624 interdum
695 549 794 622 illius
821 555 956 622 nomen
984 548 1108 623 vitiose
1139 552 1319 650 Ξεννφάντης
1420 547 1421 554 ’

234 658 424 751 scribitur,
450 661 558 750 utin
585 656 878 741 PlatonisSchol.
905 657 1100 731 Ruhnken.
1125 685 1161 757 p.
1186 687 1265 759 172.
1284 672 1323 731 et
1420 721 1421 724 ,

233 766 272 836 in
300 766 547 864 Aristophanis
579 764 695 850 Schol.
724 767 847 863 Equit.
877 791 909 841 v.
944 763 1018 855 406
1036 790 1044 836 :
1063 777 1220 864 utroque
1243 765 1321 839 loco
1420 765 1421 814 3

233 873 443 945 manifestus
465 886 517 947 est
543 872 741 945 scribarum
765 897 874 943 error.
1002 946 1005 951 ⁴

283 979 327 1050 In
340 980 528 1054 Athenaeo
540 978 650 1054 semel
664 981 872 1086 iterumque
885 980 1041 1051 occurrit
1059 979 1237 1076 scriptoris
1256 1006 1324 1051 no-

234 1109 320 1156 men
346 1091 531 1184 Ζηνοφάνης,
549 1086 748 1186 quodcum
766 1110 909 1182 prorsus
933 1084 1088 1156 insolens
1113 1085 1323 1178 videretur,

216 1193 335 1266 uenit
347 1191 454 1264 alicui
470 1194 507 1262 in
526 1205 707 1283 mentem,
731 1203 774 1264 ut
797 1217 862 1289 pro
890 1218 932 1264 eo
951 1194 1109 1290 Ξενοφάνης
1124 1193 1324 1264 restituen-

235 1297 325 1370 dum
345 1311 499 1396 putaret.
519 1297 592 1391 Qui
609 1310 730 1369 tamen
746 1299 838 1396 ipsos
853 1299 1032 1372 Athenaei
1052 1297 1145 1371 locos
1160 1298 1214 1389 X,
1233 1298 1322 1390 424.

233 1405 273 1478 C.
305 1419 340 1478 et
361 1405 480 1499 XIII,
508 1404 580 1477 536
605 1407 643 1476 B.
668 1406 888 1502 inspexerit,
916 1407 950 1480 ei
971 1406 1091 1477 statim
1116 1405 1324 1504 apparebit,

233 1516 479 1608 conjecturam
506 1513 599 1585 hanc
624 1539 768 1610 prorsus
792 1539 866 1586 esse
898 1515 1144 1607 temerariam,
1168 1513 1326 1584 merito-

234 1646 308 1719 que
325 1625 430 1718 jarna
454 1619 546 1692 Clar.
564 1621 695 1694 Cousin
718 1618 743 1691 l.
756 1619 779 1690 l.
799 1646 834 1718 p.
862 1618 909 1690 26
933 1618 1125 1717 explosam.
1151 1620 1257 1692 Liber
1273 1621 1325 1691 is-

234 1731 306 1802 tius
322 1729 502 1827 scriptoris
514 1729 677 1825 ωνηγενιηὸν
694 1729 907 1825 inscriptum
921 1730 1194 1825 grammaticum
1205 1752 1326 1827 quen-

103 1918 105 1930 ,
215 1835 320 1915 ‚dain
350 1862 501 1936 arguere
530 1837 674 1912 videtur
691 1829 712 1927 ,''
728 1834 773 1906 ad
799 1834 1070 1932 Xenophanem
1097 1846 1194 1907 certe
1228 1833 1326 1906 nihil
1420 1929 1421 1932 Ἴ

260 1944 404 2016 ertinet.

234 1967 259 2040 p
280 2052 381 2123 Haeo
400 2050 585 2122 hactenus.
604 2051 683 2121 Jam
701 2049 745 2120 ad
759 2049 851 2146 ipsas
865 2049 1102 2146 Xenophanis
1117 2051 1325 2122 carminum
1420 2039 1421 2060 ¹

235 2155 403 2256 reliquias
415 2159 617 2248 veniemus,
632 2169 668 2229 et
681 2156 899 2253 fragmenta,
914 2171 987 2229 tam
1000 2157 1042 2230 ad
1062 2156 1325 2254 philosophiam

233 2290 344 2363 quam
367 2264 545 2362 reliquam
555 2264 677 2362 poesin
696 2266 908 2362 spectantia,
932 2264 1056 2336 ordine
1074 2265 1240 2363 disposita
1260 2291 1324 2338 ex-

234 2371 469 2470 plicabimus3
504 2372 543 2442 in
568 2369 728 2469 quibuS,
762 2396 809 2441 ne
842 2371 931 2469 quid
953 2384 1089 2444 temere
1125 2370 1325 2469 neglexisse

232 2480 431 2569 videamur,
446 2503 503 2551 eos
518 2503 665 2576 qnoque
679 2479 894 2574 scriptorum
906 2478 999 2551 locos
1011 2479 1225 2571 referemus,
1238 2481 1324 2577 qui-

233 2585 302 2659 hus
326 2585 384 2662 vel
409 2583 548 2684 singula
572 2587 652 2679 ejus
678 2584 788 2656 verba
821 2585 878 2662 vel
906 2586 1108 2658 testimonia
1141 2585 1324 2682 quaedam

231 2707 503 2787 memorantur,
527 2693 767 2790 adjungemus
779 2694 868 2766 item
885 2692 1205 2792 apophthegmata,
1225 2719 1325 2791 quae

232 2806 311 2894 ejus
330 2803 476 2874 nomine
492 2801 683 2887 feruntur,
702 2800 800 2897 quod
817 2799 984 2873 nonnihil
999 2799 1121 2876 valent
1143 2800 1187 2871 ad
1208 2801 1325 2874 vitam

233 2915 312 3007 ejus
335 2924 372 2984 et
395 2910 601 3009 opinionem
618 2907 878 2981 declarandam.
905 2907 1007 3001 Quae
1030 2921 1153 2980 autem
1170 2907 1215 2980 de
1235 2907 1325 2981 Xe-

192 3011 194 3016 ’
231 3017 406 3115 nophanis
420 3014 639 3115 philosophia
651 3029 687 3089 et
704 3015 843 3112 placitis
854 3018 894 3102 in
907 3028 1073 3091 veterum
1085 3013 1223 3112 scriptis
1240 3039 1322 3111 pas-

232 3125 301 3204 sim
337 3133 612 3196 commemorata
650 3134 818 3215 exstant,
849 3147 890 3195 ea
922 3115 1165 3219 disputatione
1199 3133 1322 3192 nostra

186 3266 189 3271 ·
232 3230 279 3412 ge
302 3229 537 3329 Xenophanis
559 3228 781 3328 philosophia
806 3228 1065 3327 explicabimus
1092 3240 1129 3301 et
1156 3225 1321 3299 illustra-

258 3363 362 3412 rmus.
