2842 4884
519 435 698 489 mucuns.

531 735 675 798 XXXVI.

116 987 330 1062 Plutarchus
344 995 409 1086 περὶ
427 991 568 1066 ονοωπιοις
585 1041 594 1074 ,
613 1012 647 1083 p.
674 983 758 1057 530.
787 986 824 1055 Τ.
850 977 953 1077 VIII,
982 1011 1017 1084 p.
1049 985 1134 1080 103,

72 1117 214 1165 monens
238 1119 285 1165 ne
308 1095 389 1191 quis
409 1094 503 1166 inter
515 1091 713 1189 potandum
727 1117 765 1163 se
787 1089 832 1163 ad
845 1089 975 1162 ludum
986 1091 1136 1188 perduci

71 1197 184 1288 sinat,
209 1200 372 1296 quamvis
402 1198 567 1272 conviciis
595 1195 790 1286 lacessitus,
820 1194 1051 1292 Xenophanis
1074 1222 1135 1270 ex-

70 1305 229 1402 emplum
259 1307 425 1404 proponit
451 1333 460 1376 z
489 1307 674 1403 Ξενοφάνης,
699 1307 800 1374 Λοὶσω
823 1315 868 1373 m
890 1302 1056 1400 Ερμιονέως
1092 1315 1135 1396 μὴ
1190 1387 1195 1394 ¹

71 1414 232 1506 βοιλόμενον
272 1415 351 1509 αὐτῷ
384 1415 569 1508 συγκυβεύειν
606 1415 695 1484 δειλὸν
729 1415 962 1502 ιἰποκοιλῶντος,
1002 1415 1137 1505 ὡμολογεί

71 1525 116 1588 καῖ
136 1531 212 1590 πάνυ
241 1522 330 1599 δειλὸς
349 1515 420 1590 εἶναι
447 1525 516 1615 πρὸς
542 1527 580 1588 τὰ
596 1524 707 1614 αἰσχροὶ
727 1523 777 1588 καὶ
792 1517 924 1608 ἄτολμος.
956 1515 1051 1587 Scite
1067 1514 1137 1588 dic·

71 1634 143 1696 tum
170 1637 226 1698 est
253 1628 342 1706 δειλὸς
360 1632 428 1722 πρὸς
457 1634 494 1696 τοὶ
519 1632 661 1721 αἰσχροὶ,
690 1634 735 1695 ut
759 1621 973 1695 Plutarchus
996 1623 1072 1718 ipse
1096 1622 1137 1694 in

71 1728 195 1804 Catone
211 1733 300 1804 min.
314 1731 383 1808 vol.
397 1734 459 1822 IV,
473 1758 509 1829 p.
525 1731 594 1831 377
623 1731 709 1803 dicit
725 1730 771 1802 de
794 1731 915 1828 priscis
930 1730 1099 1804 Romanis
1125 1756 1133 1801 :

22 1913 23 1918 η
70 1835 178 1930 ἄτολμοι
212 1845 280 1936 πρὸς
303 1845 334 1910 τὸ
354 1841 483 1930 ἀδικεῖν,
509 1841 644 1935 φιλότιμοι
667 1838 703 1907 δὲ.
724 1843 793 1934 πρὸς
815 1841 875 1916 τοὶς
898 1845 1036 1916 ἐπαίνοις.
1058 1835 1134 1910 Xe·

70 1943 238 2038 nophanis
261 1944 441 2034 morihuS‚
466 1968 576 2040 quem
604 1944 861 2041 temperantiae
878 1954 917 2015 et
944 1941 1135 2016 modestiae

71 2048 262 2122 studiosum
292 2050 398 2121 fuisse
431 2050 581 2140 scimus,
609 2049 676 2121 hoc
710 2047 849 2120 dictum
882 2049 1017 2144 optime
1049 2072 1132 2120 con·

72 2155 184 2247 gruit‚
222 2181 342 2253 neque
366 2155 505 2228 obstant
534 2168 693 2252 tempora
729 2156 922 2252 quominus
946 2179 1030 2227 cum
1049 2154 1136 2226 haso

71 2253 265 2332 Hermionis
280 2260 352 2332 filio
364 2261 521 2357 potuerit
532 2259 697 2360 colloqui.
711 2259 819 2330 Hune
832 2260 931 2332 enim
944 2258 1013 2330 sub
1030 2259 1132 2330 Pisis-

71 2365 145 2434 trati
169 2363 244 2437 lilio
270 2365 472 2463 Hipparcho
494 2366 645 2438 Athenis
667 2377 848 2438 versatum
875 2363 996 2436 scribit
1020 2371 1132 2436 Hero·

72 2465 167 2540 dotus
187 2471 282 2561 VII,
305 2468 341 2542 6.
367 2470 600 2542 Pisistratidae
623 2481 745 2542 autem
771 2470 965 2566 imperium
997 2481 1131 2542 tenue-

72 2588 150 2645 runt
183 2575 328 2674 Olymp.
352 2574 483 2676 63-67.
518 2575 692 2668 Quocirca
716 2575 826 2670 hujus
859 2575 945 2646 dicti
980 2575 1066 2646 fides
1101 2577 1130 2645 si

72 2699 136 2750 non
174 2683 321 2754 omnino
355 2681 500 2780 probata
539 2693 615 2773 est,
656 2684 895 2755 tamennon
921 2691 1056 2753 temere
1078 2705 1132 2752 re-

70 2781 213 2871 jicienda
230 2788 382 2863 videtur.

520 3014 679 3080 XXXVII.

112 3233 282 3337 Diogenes
306 3240 410 3310 La'e'rt
434 3237 515 3328 IX,
544 3247 627 3308 sect.
663 3260 708 3308 20
738 3230 987 3328 ιἙμπεδοιιλέοις
1011 3247 1135 3316 εἰπόντος

71 3341 160 3432 αὐτῷ,
188 3346 233 3416 ’ὅτι
265 3351 500 3442 ἀνεύρετάς“ἐςιν
524 3355 538 3415 ὁ
564 3351 665 3442 σοφὸς,
695 3347 844 3432 Εἰκότως,
871 3344 941 3441 ἔφη·
968 3351 1047 3442 σοφὸν
1074 3351 1134 3438 γὰρ
1226 3402 1229 3408 .

72 3439 132 3516 εἶναι
155 3452 268 3524 διττὸν
293 3461 512 3547 ἐπιγνωσόμενον
538 3457 583 3522 τὸν
607 3462 710 3550 σοφόν·
1132 3448 1136 3461 ’

112 3553 308 3655 EDiogene
329 3559 504 3656 excerpsit
528 3557 725 3656 Hesychius
736 3556 809 3628 llil.
835 3583 871 3654 p.
892 3555 950 3626 31.
966 3554 1040 3646 Qui
1051 3552 1131 3623 Xe-

72 3659 263 3754 nophanem
287 3677 323 3738 et
347 3661 597 3761 Empedoclem
622 3662 787 3761 aequales
809 3663 986 3749 facerent,
1010 3658 1052 3728 iis
1066 3656 1132 3728 hoc

71 3756 197 3841 dictum
233 3770 336 3844 facile
375 3771 493 3869 potuit
525 3770 689 3868 prohari3
726 3771 791 3843 etsi
830 3769 867 3840 id
902 3791 991 3853 non!
1013 3763 1132 3835 minus

71 3862 190 3946 falsum
230 3889 283 3950 est
308 3902 418 3975 quam
457 3877 554 3975 quod
583 3877 731 3975 quidam
763 3869 1014 3968 Empedoclem
1046 3895 1131 3942 cum

71 3965 272 4068 Epimenide
305 3984 428 4058 vixisse
455 3995 717 4072 narraverunt,
746 3991 790 4051 ut
815 3975 1033 4072 Porphyrius
1060 3976 1133 4047 Vit.

72 4071 205 4187 Pythag,
230 4111 272 4164 11⁰
297 4116 365 4190 29,
391 4119 427 4190 p.
454 4090 516 4186 35,
547 4091 602 4166 ed.
627 4091 733 4160 Kust.
757 4086 890 4156 locum
915 4083 1001 4156 huic
1022 4086 1134 4157 errori
