2842 4884
532 391 709 446 nonomen.

281 531 482 634 βαθνρῥείται
505 546 583 634 μέγα
600 547 704 619 σθένος
724 544 891 633 Ὠκεανοῖο,

187 644 218 724 ἐξ
243 671 329 739 consp
348 654 454 722 πάντες
467 653 583 739 ποταμοὶ
604 653 655 716 καὶ
669 663 753 718 πᾶσα
772 653 916 719 θάλασσα

184 752 234 816 καί
250 764 343 819 παῖσαι
369 766 470 844 κρῆναι
496 757 545 820 καί
569 760 691 848 φρείατα
710 763 813 852 μακρὰ
836 765 957 826 νάαισιν.

589 984 661 1048 XII.

181 1165 273 1241 Γαίης
295 1164 347 1254 μὲν
371 1164 434 1232 τάδε
458 1180 559 1259 πεῖρας
584 1162 647 1231 ἅνω
674 1169 735 1259 πὰρ
764 1168 860 1234 ποσσίν
887 1173 991 1258 ὀρεῖται

182 1265 284 1362 αἰθέρι
306 1272 506 1364 προςπλάζον,
530 1275 567 1338 τὰ
588 1261 716 1338 adrui
742 1275 770 1346 ἐς
792 1267 909 1364 ἄπειρον
932 1268 1037 1338 ίκνίνει.

81 1459 222 1533 Laudat
253 1460 316 1534 hos
355 1487 479 1535 versus
517 1461 667 1561 diligens
705 1463 804 1536 testis
855 1461 1015 1536 Achilles
1044 1463 1164 1535 Tatius

80 1568 121 1639 in
146 1569 289 1668 Isagoge
313 1569 356 1642 ad
378 1569 533 1642 Aratum
559 1570 653 1642 edita
679 1569 719 1640 in
746 1570 884 1644 Petavii
897 1571 1015 1643 Doctr.
1039 1571 1162 1668 Temp.

80 1673 164 1748 Vol.
177 1676 243 1768 111,
260 1701 294 1772 p.
312 1673 370 1776 76.
384 1676 495 1752 Antv.
513 1678 666 1750 Versum
683 1688 807 1749 autem
826 1676 1165 1764 secundum-emen-

80 1780 211 1852 datum
231 1780 314 1854 dedi
334 1784 384 1853 ita
404 1794 447 1854 ut
471 1808 594 1855 sensus
620 1795 658 1855 et
680 1795 840 1854 metrum
863 1781 1044 1880 postulare
1067 1782 1164 1859 vide-

80 1886 217 1962 bantur
235 1918 245 1985 3
267 1889 412 1988 vulgata
433 1888 538 1962 lectio
562 1889 649 1962 haec
673 1900 752 1963 est:

181 2056 293 2153 καί-ῥεῖ
315 2056 514 2154 πφιςπλείζαν,
540 2056 622 2126 καίτω
643 2050 670 2126 δ’
692 2065 731 2133 εἰς
755 2056 872 2152 ἔπειρεν
898 2066 1031 2127 ἱκνεῖται.

80 2224 201 2300 Verba
226 2232 276 2296 καὶ
297 2227 347 2324 ῥεῖ
370 2225 518 2298 nullum
536 2225 674 2300 habent
695 2251 862 2319 sensum3
883 2238 962 2296 κάτω
985 2239 1023 2299 et
1044 2236 1166 2298 ἱκνεῖται

79 2344 200 2405 metro
217 2333 466 2426 adversantur3
479 2331 577 2432 quod
591 2333 730 2405 correxi
745 2332 848 2429 αἰθέρι
858 2332 1051 2428 spectator,
1069 2345 1167 2408 recte

80 2440 218 2511 dicitur
241 2452 359 2512 terrae
384 2439 588 2537 superficies
609 2443 729 2511 aerem
752 2438 971 2536 contingere.
989 2440 1167 2510 Homerus

80 2546 152 2618 Od.
170 2551 200 2617 λ.
216 2544 286 2618 583
304 2558 344 2629 εὴ
372 2550 403 2619 δὲ
424 2547 601 2644 πραςέπλαζε
623 2558 734 2641 γενείῳ.
758 2544 865 2638 Quod
890 2546 931 2615 in
955 2570 1040 2618 voce
1064 2547 1167 2642 αἰθέρι

78 2651 214 2726 ultima
249 2651 382 2752 syllaba
405 2679 480 2725 non
516 2652 689 2750 producta
723 2650 768 2720 sit
801 2650 982 2746 positionis
1014 2676 1167 2744 caussa,

82 2760 245 2832 Homeri
260 2777 331 2832 usu
359 2760 440 2832 satis
472 2757 657 2856 probatur.
688 2756 912 2829 Sententiam
936 2755 1030 2830 infra
1052 2755 1166 2855 expli-

83 2865 256 2948 cabimus.

583 3027 667 3090 XIII.

178 3219 239 3289 Ἤν
267 3213 291 3287 τ’
302 3217 375 3317 Ἶριν
399 3223 552 3310 καλέουσι,
578 3225 655 3316 νέφος
678 3222 728 3286 καί
754 3226 830 3286 τοῦτο
851 3215 956 3313 πέφυκε

53 3319 56 3336 ¹
186 3332 335 3424 πορφύρεον
352 3333 402 3394 καί
427 3337 556 3424 φοινίκεον
583 3330 634 3394 καί
650 3328 763 3420 χλωρὸν
789 3321 918 3392 ἰδέσθαι,

138 3523 302 3597 Laudant
319 3518 528 3595 Eustathius
545 3517 590 3590 ad
606 3517 649 3589 II.
665 3523 694 3588 λ.
710 3541 769 3615 27,
783 3541 819 3614 p.
836 3515 922 3614 827,
936 3512 961 3586 l.
976 3481 1035 3612 59.
1050 3510 1165 3585 SchoI.
1277 3489 1282 3498 ¹

424 3704 790 3726 w

11 3779 13 3794 i
87 3794 160 3858 XII.
195 3791 315 3854 Telluris
334 3791 494 3874 superficies
513 3788 627 3870 quidem
648 3789 748 3850 haecce
767 3789 820 3850 sub
839 3785 958 3871 pedibus
978 3785 1149 3866 conspicitur

166 3927 180 3950 .,
195 3885 306 3962 aerique
325 3881 457 3961 contigue
477 3891 519 3940 est
529 3924 539 3956 ‚
559 3878 668 3942 radices
689 3899 757 3941 vcro
776 3880 806 3938 in
826 3877 969 3937 infinitum
987 3873 1118 3941 tendunt.

88 3999 175 4061 XIII.
196 4000 287 4075 Quam
305 3995 409 4058 Iridem
426 3995 596 4072 nominant,
618 4013 704 4074 eaque
725 4011 834 4074 quoque
852 3990 942 4050 nubes
962 4002 1003 4051 est

197 4108 338 4171 purpurea
355 4099 383 4148 et
401 4086 520 4169 punicea
539 4097 567 4146 et
585 4081 705 4144 candida
725 4081 868 4164 adspectu.

186 4187 215 4258 Ι.
997 4177 1022 4266 4
