2842 4884
1137 394 1182 436 vu

102 570 205 642 quae
253 544 291 615 in
322 543 403 615 Asia
454 545 583 616 minori
619 554 763 634 exorta,
813 544 898 618 inde
940 546 1065 642 serpsit
1117 570 1181 642 per

102 671 250 744 Italiam
276 684 313 744 et
337 671 516 765 Siciliam,
542 673 699 772 denique
724 685 835 746 totam
858 674 1043 770 occupavit
1070 670 1181 749 Grae-

102 807 217 899 ciam,
246 820 282 880 et
306 809 496 880 maximam
525 807 788 884 effecit'rerum
815 806 1055 906 publicarum,
1081 809 1180 882 disei-

101 939 250 1036 plinae,
271 941 470 1014 studiorum
488 942 786 1014 immutationem.
806 940 975 1014 Civitates
987 941 1086 1014 novis
1106 967 1180 1013 mo-

101 1070 205 1144 tibus
223 1072 386 1172 agitatae,
403 1075 502 1148 novis
515 1072 659 1170 legibus'
670 1073 845 1162 conditae;
865 1084 957 1146 artes
969 1072 1179 1172 pleraeque,

100 1225 202 1297 qnae
224 1201 269 1275 ad
292 1204 384 1276 vitae
405 1202 546 1275 cultum
564 1204 811 1300 pertinerent,
830 1203 1015 1276 inchoatae
1035 1217 1099 1276 aut
1120 1229 1180 1278 ex-

100 1331 250 1426 cultae,
273 1360 362 1409 nova
388 1333 575 1408 literarum
598 1347 634 1408 ct
658 1341 801 1432 poeseos
821 1359 951 1433 genera
974 1335 1120 1410 inventa
1144 1347 1181 1406 et

58 1467 61 1475 '
101 1463 283 1538 celebrata
311 1466 481 1564 denique
497 1468 685 1540 immutata
715 1470 789 1561 jam
816 1463 994 1538 sentiendi
1023 1467 1181 1562 cogitau-

100 1596 217 1695 dique
240 1598 329 1669 ratio
353 1611 389 1704 et
413 1597 456 1670 ad
483 1597 643 1670 altiorem
673 1598 905 1670 humanitatis
929 1598 1079 1694 gradum
1098 1623 1180 1695 per-

49 1729 51 1735 ’
99 1729 214 1802 ducta
241 1730 438 1806 videbatur.
465 1731 557 1827 Ergo
584 1730 670 1827 quid
696 1731 856 1822 mirum,
873 1730 1180 1802 hominum-men-

97 1871 158 1931 tes
185 1883 276 1933 novo
303 1883 448 1957 quoque
476 1859 671 1955 quaerendi
702 1858 819 1931 studio
848 1858 1019 1957 impulsos
1042 1859 1179 1952 fuisse,

98 1988 208 2059 utin
230 2013 353 2061 rerum
373 1989 535 2061 omnium
557 1989 761 2064 divinarum
782 1989 1098 2086 humanarumque
1118 2016 1180 2061 na·

99 2132 225 2192 turam
250 2117 454 2218 diligentius
484 2119 727 2220 inquirerent,
756 2146 849 2220 quae
879 2133 1017 2194 veteres
1030 2091 1180 2218 ‘poetice

99 2246 269 2324 lusissent
303 2251 492 2325 studiosius
515 2262 770 2344 retractarent,
801 2277 974 2325 sensuum
1009 2251 1179 2350 imagines

102 2379 149 2452 ad
163 2390 313 2452 naturae
326 2382 513 2454 veritatem
529 2363 761 2457 revocarent?
777 2383 852 2454 Hoc
868 2382 1030 2455 studium
1044 2393 1088 2453 ut
1102 2382 1175 2478 pri-

99 2535 206 2584 mum
242 2523 459 2586 commotum
490 2526 565 2605 est,
591 2513 756 2586 mirabile
786 2527 921 2612 quanto
951 2513 1179 2612 flagraverint

99 2640 261 2714 discendi
290 2643 448 2716 ardore:
477 2643 584 2716 multi
613 2643 842 2743 reliquerunt
872 2644 971 2720 sedes
996 2668 1102 2733 sues,
1135 2652 1180 2714 ut

99 2775 304 2871 peregrinas
322 2777 480 2873 regiones
496 2772 777 2872 perlustrarent,
792 2787 998 2847 exterarum
1014 2771 1178 2877 gentium

100 2929 242 2995 mores,
275 2905 461 2980 civitatum
495 2904 659 2975 instituta
693 2913 959 3000 cognoscerent,
984 2899 1179 2999 prudentes

99 3033 263 3110 homines
288 3047 325 3112 et
347 3035 540 3108 sacerdotes
563 3035 798 3108 convenirent
821 3057 978 3130 quorum
1005 3031 1176 3132 sapientia
1268 3011 1271 3016 ⁵

99 3167 229 3237 fierent
263 3167 459 3266 doctiores,
491 3164 600 3239 multi
627 3190 683 3237 res
708 3190 789 3239 suas
816 3163 1078 3263 neglexerunt,
1104 3188 1177 3261 quo

99 3294 251 3370 liberius
286 3323 408 3370 rerum
446 3297 738 3396 contemplationi
772 3309 809 3369 et
840 3295 1022 3369 doctrinae
1053 3293 1180 3367 studiis

100 3440 279 3502 vacarent.
293 3429 391 3522 Quid
412 3429 558 3502 multa?
584 3432 673 3502 Tum
701 3429 860 3528 primum
885 3427 1006 3501 illuxit
1026 3425 1177 3524 philoso-

100 3559 185 3657 phia
211 3585 304 3657 quae
329 3587 349 3631 a
375 3557 532 3633 discendi
554 3560 671 3634 studio
696 3571 734 3632 et
757 3559 950 3657 sapientiae
973 3580 1093 3630 amore
1111 3579 1174 3625 no-

101 3716 185 3764 men
210 3703 262 3763 est
291 3691 429 3790 adepta.
508 3699 510 3706 '

150 3934 393 4035 Philosophiae
416 3936 528 4008 forma
552 3934 667 4034 qualis
690 3936 792 4007 initio
815 3936 949 4024 fuerit,
975 3933 1173 4004 accuratius

103 4065 249 4144 definire
270 4070 410 4146 difficile
429 4083 498 4177 est.
517 4071 564 4143 Ut
587 4071 684 4144 enim
708 4093 862 4168 eaquae
888 4077 1016 4140 natura
1042 4065 1173 4163 gignit,

138 4229 162 4300 t
