2842 4884
502 420 715 466 Pulmsoeme.
1077 403 1138 469 171

74 591 92 636 »
119 568 288 641 centibus
321 569 576 641 mathematicis
613 570 737 641 orbern
764 568 872 643 lunae
899 569 1142 670 duodeviginti

72 701 92 747 a
117 678 285 775 partibus
297 680 467 773 majorem
485 704 558 751 esse
572 702 681 776 quam
695 691 826 750 terram
843 676 1047 752 stultissime
1062 705 1142 753 cre-

72 783 213 855 »didit
242 796 307 874 et,
336 784 433 881 quod
462 783 547 856 huic
575 782 712 859 levitati
747 783 818 855 fuit
845 795 1142 877 consentaneum,
1217 781 1220 786 ’

70 917 90 961 ))
116 890 212 963 dixit
239 890 333 961 intra
358 914 553 963 concavum
577 888 686 961 lunae
709 888 829 959 sinum
849 914 922 961 esse
945 888 1050 967 aliam
1067 885 1167 963 ter-'

70 1024 99 1069 u·
116 1023 222 1086 ram,
249 1009 285 1069 et
307 996 357 1069 ihi
375 995 471 1069 aliud
492 1022 605 1095 genus
628 995 816 1097 hominum
835 994 941 1068 simili
960 997 1067 1073 modo
1086 998 1143 1073 vi-

70 1129 89 1174 »
117 1128 228 1195 vere,
255 1127 327 1200 quo
351 1128 414 1173 nos
439 1104 478 1173 in
503 1103 568 1175 hac
595 1113 689 1174 terra
716 1100 916 1175 vivimus.»
943 1100 1064 1176 Lunae
1080 1129 1143 1175 or-

70 1210 150 1283 bem
165 1208 414 1307 duodeviginti
427 1208 588 1307 partibus
600 1211 770 1303 majorem
785 1231 858 1281 esse
872 1230 981 1302 quam
993 1219 1142 1300 terram,

68 1317 254 1389 tradidisse
285 1316 416 1387 dicitur
450 1315 713 1387 Anaximander
753 1309 799 1399 ⁷³,
838 1316 943 1406 cujus
971 1311 1144 1409 placitum

59 1425 152 1495 'cum
174 1423 355 1494 Ciceronis
369 1422 413 1493 de
427 1420 644 1516 Xenophane
664 1418 862 1492 testimonio
878 1418 1039 1493 confudit
1055 1420 1143 1493 Lac-

69 1530 218 1601 tantius.
251 1530 371 1622 Hujus
395 1539 518 1598 autem
542 1526 716 1620 opinionis
749 1525 911 1623 quamvis
942 1525 1031 1601 varii
1048 1524 1145 1601 habi·

69 1635 94 1702 ti
116 1636 193 1705 sint
210 1645 396 1721 auctores,
429 1630 520 1725 (alii
541 1632 638 1703 enim
656 1633 700 1703 ad
717 1631 970 1729 Pythagoreos,
998 1630 1146 1729 quidam

68 1740 178 1811 etiam
204 1737 258 1822 ad
273 1737 459 1835 Orpheum
486 1738 649 1809 referunt
668 1736 719 1833 74)
735 1737 922 1826 deceteris
947 1749 1068 1810 tamen
1088 1763 1147 1834 pa·

68 1868 152 1915 rum
180 1842 327 1941 probata
357 1855 495 1913 exstant
525 1844 751 1935 testimonia,
775 1866 897 1933 unus,
921 1842 982 1913 cui
1007 1855 1146 1918 veteres
1241 1904 1247 1911 ,

69 1950 154 2022 inde
179 1975 201 2021 a
226 1948 370 2021 Platone
394 1948 711 2021 hancsententiam
727 1949 938 2021 nominatim
960 1948 1145 2039 tribuunt,

69 2056 297 2151 Anaxagoras
322 2055 416 2147 fuit;
442 2055 486 2128 de
510 2054 729 2151 Xenophane
749 2056 857 2128 ceteri
882 2079 1003 2125 omnes
1026 2054 1143 2129 silent.

71 2160 166 2233 Num
202 2161 312 2259 igitur
341 2172 464 2233 contra
497 2184 726 2232 communem
763 2172 925 2236 veterum
950 2162 1143 2234 auctorita·

73 2278 145 2338 tem
178 2266 340 2338 Ciceroni
367 2266 473 2339 fidem
495 2264 711 2356 habeamus,
742 2293 789 2337 an
809 2265 994 2340 credamus
1024 2267 1143 2363 potius

15 2380 16 2385 ’
73 2370 177 2445 illum
188 2425 205 2461 ,
236 2372 332 2470 quod
348 2372 532 2444 interdum
551 2373 584 2444 ei
604 2372 729 2444 accidit
758 2373 798 2443 in
820 2384 983 2446 veterum
1005 2372 1141 2471 placitis

73 2477 275 2569 tradendis,
303 2478 440 2549 incuria
465 2478 619 2573 quadam
642 2477 833 2573 deceptum
859 2479 1003 2547 nomina
1021 2479 1144 2549 confu-

73 2582 192 2658 disse:
219 2585 424 2680 praesertim
452 2607 538 2653 cum
561 2594 633 2653 tota
655 2581 882 2677 Xenophanis
909 2581 955 2651 de
985 2582 1144 2678 corpori-

73 2686 138 2760 bus
158 2689 370 2762 coelestihus
397 2687 588 2778 sententia,
613 2684 658 2756 de
683 2710 809 2757 eorum
832 2684 985 2780 origine,
1009 2685 1139 2781 figura,

74 2797 299 2887 conditione,
319 2793 363 2868 ab
379 2792 586 2887 hujusmodi
602 2789 730 2888 placito
748 2789 863 2861 aliena
878 2790 923 2860 sit
937 2786 982 2860 7⁵,

112 2990 178 3073 (73)
200 2989 340 3051 Plutarch.
368 2988 403 3049 de
428 2989 499 3071 plac.
529 2987 630 3069 philos.
656 2988 712 3063 11,
739 2987 788 3049 25.
804 2986 1082 3047 StohaeusetGalen.
1102 2987 1143 3047 ihi

75 3076 186 3251 langii·
197 3171 241 3229 De
266 3168 377 3251 Orpheo
399 3181 427 3226 et
446 3167 626 3249 Pythagoreis
650 3167 760 3227 Fabric.
782 3164 854 3224 Bibl.
882 3165 932 3225 Gr.
959 3166 992 3240 I,
1017 3186 1046 3248 p.
1076 3120 1143 3227 rei.

76 3255 209 3319 Brucher.
233 3260 342 3319 Hister.
366 3258 471 3318 Philos.
496 3259 528 3327 1,
557 3257 626 3339 398.
652 3254 775 3317 Boeclrh.
797 3255 894 3329 Philol.
918 3276 947 3335 p.
972 3256 1036 3316 130.
1060 3255 1144 3337 Apud

77 3344 264 3429 Pythagoreos
282 3349 388 3429 saepius
409 3345 455 3415 vlu
483 3344 636 3423 ἀπῖχθαι
653 3368 715 3405 curn
735 3345 802 3404 luna
821 3346 963 3404 confusam
984 3366 1042 3405 csse
1060 3367 1077 3403 a
1096 3365 1142 3413 se·

78 3434 195 3497 rioribus
219 3438 438 3519 interpretibus,
462 3436 528 3495 alibi
549 3437 710 3517 explicatius
730 3432 883 3493 ostendam.
901 3436 1033 3508 Quamvis
1052 3445 1143 3492 autem

80 3529 301 3599 nonnullorum,
321 3540 352 3587 ut
373 3527 504 3601 Philolai,
524 3528 610 3585 luerit
624 3527 690 3585 haec
703 3527 856 3599 sententia,
877 3547 936 3583 non
959 3524 1023 3583 ideo
1043 3521 1146 3602 Pytha·
1253 3566 1260 3573 .

15 3652 16 3655 =
79 3620 152 3691 gorei
171 3620 301 3677 universe
321 3620 378 3699 ejus
398 3631 521 3678 auctores
538 3615 593 3675 dici
611 3627 736 3698 possunt.
752 3618 929 3693 Anaxagorae
949 3624 1057 3693 praeter
1074 3610 1142 3669 alios

80 3708 206 3767 meminit
225 3707 302 3768 Plato
323 3706 434 3788 Apolog.
458 3709 534 3767 socr.
556 3727 585 3786 p.
606 3706 645 3766 36
663 3706 699 3765 D.
720 3702 879 3765 Schaubach
902 3705 1027 3779 Anaxag.
1043 3701 1143 3779 fragm.

16 3932 17 3935 ,
81 3796 186 3964 lh&
204 3818 342 3945 (lileronis
373 3885 559 3945 testimonium
587 3883 761 3969 repudiatum
783 3894 824 3941 est
850 3902 865 3938 a
892 3875 1039 3937 Brandisio
1065 3898 1142 3937 com·

82 3986 165 4032 ment.
193 3974 280 4035 Eleat.
314 3997 342 4057 p.
364 3974 403 4037 56
422 3995 463 4053 sq.
496 3973 682 4035 Schaubachio
712 3974 732 4031 l.
762 3969 782 4029 l.
802 3991 831 4050 p.
855 3966 929 4040 1623
958 3966 1099 4027 laudatum
1125 3990 1142 4029 a

84 4062 220 4132 Boeckhio
234 4072 254 4133 l.
267 4070 289 4130 l:
309 4070 401 4149 credo,
422 4082 535 4153 propter
551 4072 783 4154 Pythagoreorum
803 4064 1011 4139 adsensionem,
1026 4086 1143 4147 quorum
