2842 4884
498 425 709 468 curiosorum.
1081 407 1144 471 125

55 577 185 648 omnia
213 601 305 674 quae
323 579 362 648 in
381 576 487 649 rebus
504 576 673 648 humanis
687 588 899 650 cernuntur.
916 579 1143 653 Praeclarum

54 709 145 756 sane
170 681 268 754 illud
284 697 320 758 et
336 681 534 776 excelsum3
553 695 714 754 attamen
732 708 806 753 non
829 685 962 775 sensit,
986 685 1040 757 his
1057 687 1146 759 sub-

55 787 167 876 latis,
196 788 306 861 talem
332 815 368 861 se
395 790 513 861 fecisse
529 789 663 875 Deum,
682 814 793 886 quem
818 789 919 863 nulla
947 790 1053 864 liceat
1077 793 1145 864 hu-

55 923 195 969 manae
232 899 360 970 mentis
387 898 595 996 cogitatione
624 895 835 993 complecti,
870 899 916 971 d'e
952 926 1025 998 quo
1060 899 1147 972 adeo
1260 925 1271 934 ’

56 1005 214 1078 definiri
243 1004 333 1076 nihil
363 1031 429 1078 nec
456 1005 650 1101 praedicari
668 1016 797 1100 posset.
824 1005 927 1078 Unde
958 1008 992 1078 ei
1020 1007 1146 1079 accidit

57 1122 102 1182 ut
129 1111 172 1180 in
207 1111 250 1180 iis
281 1136 374 1207 quae
402 1112 447 1183 de
477 1111 553 1183 Deo
578 1110 849 1182 ratiocinaretur
876 1137 949 1182 non
974 1115 1056 1183 satis
1081 1113 1149 1184 sibi

57 1219 136 1314 ipse
161 1230 364 1306 constaret,
393 1231 429 1292 et
459 1217 615 1289 eundem
639 1242 749 1313 quem
777 1217 985 1290 inmobilem
1013 1243 1085 1291 esse
1110 1231 1148 1292 et

58 1323 203 1394 finibus
232 1323 404 1395 contineri
441 1335 609 1420 negaret,
643 1334 763 1394 tamen
796 1336 833 1394 et
858 1324 1040 1420 quiescere
1062 1323 1087 1371 ⁴²
1112 1336 1156 1397 et

60 1434 180 1502 torma
211 1430 464 1526 comprehendi
502 1430 731 1526 praedicaret.
755 1431 835 1502 Huc
860 1443 1018 1527 spectare
1046 1431 1150 1512 vide-

60 1552 124 1611 tur
148 1539 384 1636 reprehensio
399 1536 459 1607 illa
485 1536 697 1624 Aristotelia,
728 1563 845 1634 quum
878 1539 997 1626 dicat,
1028 1538 1152 1610 Xeno-

62 1648 229 1744 phanem
261 1644 353 1717 nihil
379 1646 508 1717 diserte
530 1644 739 1742 explicuisse
765 1643 1089 1744 (οὐδὲνὼεσαφήνισε)
1113 1644 1148 1715 ⁴³.

62 1755 168 1826 Idem
202 1751 477 1850 posterioribus,
513 1754 576 1848 qui
610 1750 803 1823 Eleaticum
831 1755 1005 1824 rationem
1037 1754 1151 1825 secuti

65 1877 170 1953 sunt,
190 1863 371 1935 variarum
388 1887 508 1931 ansam
521 1859 688 1956 praebuit
703 1861 1009 1959 disputationum,
1034 1887 1150 1959 quum

68 1971 212 2059 eadem,
223 1993 315 2064 quae
328 1966 391 2039 ille
403 1966 586 2058 obscurius
599 1967 859 2053 enuntiaverat,
874 1994 893 2038 a
906 1968 1151 2065 sequentibus,

68 2076 234 2165 helisso,
260 2073 471 2147 Parmenide
489 2072 660 2168 aliisque,
685 2076 724 2143 in
747 2074 899 2147 diversas
924 2074 1151 2173 explicaren-

70 2193 130 2253 tur
155 2182 363 2254 sententias.
1033 2240 1036 2247 .

117 2288 191 2360 Sed
216 2312 288 2357 non
312 2288 432 2357 minus
458 2287 554 2359 varie
572 2286 683 2382 ipsius
699 2287 807 2357 etiam
830 2286 1057 2384 Xenophanis
1074 2313 1154 2359 sen-

71 2393 184 2464 tentia
216 2393 262 2463 ab
297 2391 553 2489 interpretibus
579 2393 735 2489 exposita
764 2405 816 2463 est
841 2405 949 2490 atque
975 2395 1025 2464 ita
1057 2419 1152 2465 erro-

72 2500 169 2571 ribus
206 2497 409 2594 implicita,
448 2510 491 2570 ut
532 2497 639 2595 plane
676 2497 850 2568 contraria
889 2498 955 2568 sibi
991 2500 1151 2570 statuisse

72 2607 250 2678 videatur.
273 2604 383 2702 Apud
406 2604 610 2675 Ciceronem
636 2603 680 2674 de
706 2604 783 2673 Nat.
803 2603 905 2673 Deor.
933 2602 1090 2696 Vellejus
1109 2616 1152 2675 ut
1205 2631 1211 2649 .

73 2711 109 2781 in
138 2725 344 2785 ceterorum
375 2710 558 2781 sententiis
587 2708 782 2781 referendis
811 2733 940 2803 parum
973 2706 1152 2805 diligens,

74 2817 120 2888 sic
166 2819 279 2890 etiam
309 2817 347 2886 in
386 2815 606 2910 Xenophane
633 2813 794 2904 labitur,
826 2837 943 2910 quum
961 2812 1062 2883 -dicit
1089 2810 1152 2882 ⁴⁴:
1259 2901 1262 2908 Ι

79 2923 365 3020 «Xenophanes,
381 2935 500 2992 mente
515 2920 700 3014 adjuncta,
716 2945 822 2991 omne
840 2930 1038 3016 praetcrea,
1058 2918 1154 3016 quod

76 3053 96 3098 a
122 3044 213 3102 esset
241 3029 438 3117 infinitum,
457 3027 575 3098 Deum
595 3026 708 3099 voluit
724 3051 807 3098 esse.
823 3051 843 3095 n
862 3025 967 3117 Quod
993 3039 1154 3099 mentem

78 3136 161 3207 dicit
190 3135 398 3233 adjunctam
413 3181 416 3188 .
429 3135 532 3204 infra*
547 3132 785 3230 explicabitur
803 3161 813 3226 3
846 3159 945 3205 nunc
976 3136 1153 3228 infinitum

78 3243 168 3316 illud
200 3243 400 3316 notandum
431 3255 491 3314 est.
528 3240 698 3312 Similiter
732 3241 862 3314 erravit
890 3239 1052 3312 Nicolaus
1087 3241 1154 3312 Da-

81 3375 289 3441 mascenus,
314 3350 379 3446 qui
404 3350 443 3418 in
469 3348 559 3419 libro
585 3349 630 3420 de
658 3347 724 3418 diis
748 3346 874 3420 retulit
898 3347 1156 3444 Xenophanem
1226 3403 1231 3412 .

83 3457 300 3555 principium
318 3455 437 3527 fecisse
459 3454 574 3551 ἄπειρον
599 3459 648 3522 καὶ
666 3463 810 3541 ἀκίνητον,
829 3479 939 3552 quem
957 3452 1156 3550 Simplicius

84 3565 197 3638 verbis
214 3588 323 3661 supra
348 3563 548 3634 memoratis
573 3559 814 3659 reprehendit.
846 3561 977 3634 Contra
1001 3559 1154 3632 Alexan-

122 3796 185 3877 (da)
206 3799 274 3866 vid.
295 3802 396 3880 fragm.
413 3801 472 3860 lV.

124 3909 184 3989 (43)
206 3916 311 3975 Aristot
333 3914 457 3996 Metaph.
483 3915 512 3988 1,
533 3913 561 3974 5.
583 3934 662 3992 quem
683 3896 763 3974 attoli
780 3932 863 3992 supra
884 3909 905 3991 5
927 3932 949 3968 1.

126 4015 188 4102 lidi
210 4032 306 4090 Cicero
327 4032 363 4091 N.
385 4031 419 4090 D.
444 4030 475 4106 l,
501 4051 553 4102 11,
575 4050 656 4107 quem
680 4028 803 4106 seqnitur
823 4027 929 4085 Minue.
952 4023 1032 4084 Felix
1054 4025 1153 4090 Octar,

93 4116 261 4194 c³1³·XlX,
283 4119 398 4202 p.'179.
424 4118 468 4179 ed.
490 4118 577 4178 Gron.
